3402 5222
691 327 869 389 ...55-

225 458 434 551 Gregorium
458 456 516 527 lV.
547 454 608 525 diu
641 468 720 550 post
746 457 918 529 floruisse.
953 459 1098 528 Demm
1124 479 1188 529 nec
1211 456 1340 560 diserte

227 572 376 644 Pallium
400 571 489 643 illud
514 570 646 643 lineum
672 571 814 643 dicitur.
921 661 925 670 Ι

301 686 462 758 Profecto
479 709 520 756 ea
539 698 673 756 tantum
692 709 734 756 ex
752 709 854 758 causa
877 685 971 756 haud
996 685 1135 758 videtur
1160 685 1341 782 ambigen-

226 801 314 873 dum
339 801 383 873 de
408 802 578 874 sententia
609 823 700 894 quae
733 801 882 872 Pallium
912 825 955 872 ex
980 799 1060 880 lana
1085 800 1190 874 fuisse
1215 804 1341 900 iugiter

228 913 447 1016 conlectum,
476 927 583 986 tenet.
611 915 697 986 Cum
723 937 835 1010 porro
860 914 1161 1009 frequentissimus
1184 917 1221 987 iu
1245 930 1340 990 vete-

227 1053 308 1103 rum
332 1030 620 1102 indumentorum
645 1030 781 1100 ratione
805 1029 905 1101 lanae
931 1052 1014 1112 usus
1040 1030 1218 1112 existeret,
1238 1043 1342 1124 atque

183 1143 190 1162 ‘
216 1146 267 1216 ‘ut
284 1129 386 1218 facile
404 1145 624 1240 agnoscitur,
653 1145 689 1214 in
708 1143 820 1240 pallio
847 1145 1051 1238 praesertim
1075 1166 1136 1216 seu
1160 1147 1343 1240 superiore

229 1271 342 1341 veste;
369 1260 537 1332 recensita
562 1258 666 1350 origo
691 1257 761 1328 hoc
781 1259 885 1329 etiam
912 1281 955 1330 ex
979 1271 1138 1352 respectu
1166 1256 1340 1330 firmatur.

226 1375 415 1446 Enimvero
444 1371 616 1444 habemus
650 1370 823 1444 lsidorum
858 1372 1075 1466 Aegyptium
1108 1373 1170 1466 qui
1206 1372 1346 1464 laneum

226 1488 374 1582 pallium
392 1499 550 1558 testatur:
571 1484 752 1557 Liberatus
771 1485 899 1579 aliique
916 1485 1014 1556 Pallii
1033 1479 1259 1556 Alexandrini
1278 1489 1344 1558 ori.
1411 1565 1414 1574 .

226 1602 344 1696 ginem
360 1625 403 1673 ex
420 1602 526 1674 Marci
547 1600 667 1695 pallio·
682 1599 844 1670 tradunt:
866 1621 885 1669 a
905 1601 983 1694 pari
1009 1600 1151 1671 laneum
1168 1601 1344 1672 Romanae

228 1716 402 1788 Ecclesiae
425 1715 572 1786 Pallium
598 1738 640 1786 ex
665 1715 769 1785 laneo
786 1715 877 1784 Petri
896 1713 1004 1809 pallio
1022 1727 1074 1786 est
1094 1713 1340 1799 derivandum.
1401 1716 1405 1725 ’

230 1833 341 1902 Lanea
372 1829 479 1926 pallia
503 1832 541 1900 in
566 1830 655 1900 serie
693 1829 843 1900 Ostiensi
873 1816 1119 1922 Mara'ngonius
1134 1821 1343 1924 opportune
1422 1851 1424 1858 ⁴

229 1944 419 2018 admodum
444 1956 639 2016 notaverat.
732 2011 740 2034 ,

519 2233 521 2238 Ι
557 2229 559 2234 ¹
638 2138 862 2203 acuemus
885 2137 940 2202 rx.

618 2287 680 2396 Ec
692 2336 810 2396 casulae
832 2338 957 2414 criptae.

304 2518 378 2590 Alia
395 2520 479 2589 item
497 2519 588 2588 ratio
607 2541 649 2590 ex
668 2520 927 2614 comparatione
942 2515 1039 2588 Pallii
1056 2515 1100 2588 ad
1119 2517 1270 2590 casulam
1288 2540 1346 2590 ac-

231 2633 334 2704 cedit.
348 2634 599 2710 Animadverto
616 2634 769 2705 casulam
786 2656 848 2704 seu
867 2633 1044 2729 planetam
1063 2656 1105 2704 ex
1119 2635 1228 2704 veteri
1241 2635 1346 2705 etiam

231 2751 407 2820 communi
425 2749 534 2844 pallio
551 2750 723 2842 originem
744 2747 887 2820 habere.
905 2747 945 2818 ld
962 2747 1106 2842 quidem
1119 2749 1234 2843 primo
1250 2762 1345 2844 patet

229 2885 340 2945 exeo,
355 2863 453 2957 quod
469 2855 654 2958 antequam
668 2864 774 2936 latina
792 2863 907 2936 casula
921 2863 1003 2934 hinc
1021 2859 1104 2934 inde
1120 2863 1346 2956 detruncare-

232 2990 302 3061 tur,
322 2979 533 3050 adamussim
549 3002 630 3050 cum
647 3002 770 3073 graeca
787 2979 993 3051 sacerdotali
1007 2992 1101 3051 veste
1121 2981 1342 3052 conveniret:

231 3103 265 3162 at
281 3116 362 3164 cum
376 3093 590 3187 antiquiores
603 3092 699 3164 Fidei
714 3093 927 3168 Christianae
945 3093 1140 3164 administri
1155 3117 1194 3165 ex
1211 3096 1347 3166 oriente

232 3207 447 3301 prodierint,
475 3221 569 3280 certe
595 3210 791 3280 communis
812 3207 897 3280 haec
921 3211 1025 3280 vestis
1044 3231 1149 3303 super
1172 3211 1344 3290 tunicam,

232 3321 326 3395 haud
347 3323 451 3394 video
475 3317 570 3394 un'de
589 3326 655 3394 nisi
672 3347 716 3426 ex
733 3324 843 3419 pallio
861 3324 988 3395 deduci
1007 3327 1128 3419 possit.
1149 3324 1347 3396 Evidentis-

230 3427 316 3532 sime
329 3439 366 3509 id
380 3441 510 3534 pariter
523 3441 661 3534 exurgit
678 3464 721 3512 ex
735 3429 945 3534 imaginibus
963 3437 1169 3510 Pontificum
1188 3463 1248 3512 seu
1266 3443 1347 3511 Pre-

230 3552 471 3648 sbyterorum:
498 3555 535 3625 in
561 3553 817 3659 antiquioribus
835 3557 929 3626 enim
948 3555 1128 3626 evidenter
1145 3577 1212 3648 pro
1229 3554 1347 3626 casula

97 3674 100 3681 “
218 3669 376 3772 ¹pallium
395 3689 585 3742 commune
601 3671 823 3766 perspicitur,
839 3672 914 3741 eius
935 3669 1193 3765 propemodum
1209 3669 1348 3741 formae

231 3809 320 3880 quae
348 3789 385 3856 iu
405 3787 574 3868 Christo,
606 3787 789 3882 Prophetis
823 3799 926 3880 atque
958 3785 1346 3880 Apostolisgoccurrit3

231 3899 405 3994 gradatim
430 3923 514 3972 vero
544 3901 588 3972 ad
614 3901 816 3972 recentioris
848 3902 985 3972 casulae
1018 3900 1165 3972 formam
1199 3901 1344 3972 accedit.

186 4071 188 4078 .
231 4014 624 4088 Conserunturcasulae
649 4016 773 4088 Felicis
800 4017 864 4087 llll
884 4015 926 4087 ad
955 4018 1011 4086 SS.
1034 4017 1193 4086 Cosmam
1221 4030 1256 4087 et
1282 4018 1349 4087 Da-

232 4129 402 4212 mianum,
416 4131 544 4226 Pelagii
560 4132 602 4201 ll.
618 4131 662 4202 ad
681 4133 716 4201 S.
732 4133 971 4210 Laurentium,
986 4125 1134 4201 Honorii
1153 4143 1187 4201 et
1205 4129 1349 4202 alterius
1457 4155 1467 4170 *

234 4244 408 4318 Pontificis
425 4245 468 4317 ad
487 4248 522 4316 S.
540 4247 729 4340 Agnetem:
752 4246 988 4318 lohannislV.
1000 4258 1034 4318 et
1053 4244 1266 4330 aliorum'ad
1283 4246 1349 4315 Ba-
