3402 5222
646 419 826 482 ...19-

183 579 200 617 e
228 571 392 646 responsa
411 547 581 619 Ecclesiae
595 547 741 619 faciebat
754 550 919 628 innotuit,
935 569 1048 644 prona
1063 547 1226 622 voluntas
1243 560 1296 620 est

182 695 198 732 s
227 679 264 738 et
276 655 421 736 concedi
435 663 503 736 boc
521 666 667 736 omnino
684 663 877 746 desiderat,
894 664 1123 758 atque'multa
1136 662 1182 734 de
1195 685 1296 757 prae·

182 811 200 849 s
226 781 323 854 dicto
340 779 447 851 fratre
466 793 616 852 nostroe
636 791 705 850 etc.
725 781 849 873 Arguit
868 781 985 874 itaque
1001 781 1053 852 De
1069 781 1198 862 llarca,
1217 803 1298 852 cunr

178 920 222 970 ex
244 895 344 967 venia
370 897 626 990 lmperatorum
649 893 747 964 Pallii
771 897 949 966 concessio
970 905 1005 966 et
1026 909 1090 988 per
1110 890 1298 967 Pontifices

179 1008 304 1092 fieret,
331 1011 490 1104 sequitur
508 1007 553 1080 ab
571 1011 786 1104 Imperatore
809 1010 926 1104 primo
952 1007 1043 1080 illud
1067 1005 1295 1082 Pontificibus

180 1125 367 1207 collatum,
388 1123 479 1196 adeo
496 1133 535 1194 ut
553 1145 597 1194 eo
616 1134 789 1194 annuente
807 1124 852 1194 ad
869 1123 957 1195 alios
973 1121 1232 1198 extenderetur.

248 1241 380 1314 *uirum
404 1237 563 1333 profecto
586 1237 699 1308 videri
715 1240 843 1334 poterit
860 1237 957 1333 quod
979 1240 1100 1312 Petrus
1116 1239 1167 1310 De
1184 1239 1298 1312 Marcu

181 1367 298 1426 tantae
323 1355 538 1426 auctoritatis
562 1352 665 1424 saciat
681 1352 778 1424 illam
797 1354 1055 1448 Imperatorum
1073 1354 1210 1427 veniam
1229 1375 1297 1447 pro

181 1470 280 1540 Pallii
298 1471 539 1550 concessione,
559 1491 639 1540 cum
658 1491 722 1562 per
734 1468 820 1540 haec
836 1469 912 1563 ipsa
930 1481 1090 1562 tempora
1107 1467 1298 1542 contendat

178 1584 311 1657 Galliae
325 1585 451 1656 saltem
468 1583 707 1678 Metropolitas
723 1582 822 1654 Pallii
840 1581 1022 1654 deferendi
1047 1583 1101 1653 ius
1119 1579 1295 1656 habuisse.

181 1699 344 1770 Attamen
370 1699 591 1794 expostulare
615 1699 712 1770 iuvat
735 1721 844 1793 quare
866 1721 947 1770 cum
971 1695 1183 1772 'Pontificum
1204 1710 1239 1770 et
1263 1699 1300 1770 in

180 1815 303 1908 primis
315 1815 473 1908 Gregorii
492 1827 544 1884 tot
562 1813 698 1885 litterae
716 1811 761 1884 de
780 1813 877 1886 Pallii
892 1814 1116 1886 concessione
1133 1814 1294 1894 existant,

181 1927 310 2000 nullibi
325 1928 409 2001 alias
423 1951 487 2000 nec
501 1928 687 1998 minimum
701 1925 871 2000 indicium
889 1928 934 2000 sit
951 1927 997 2000 de
1013 1925 1159 2000 obtenta
1174 1926 1227 1998 vel
1245 1950 1300 2023 pc.

184 2046 245 2114 tita
262 2045 364 2116 venia
382 2044 620 2140 Imperatoris,
636 2067 731 2124 cum,
746 2041 869 2116 eadem
887 2044 1025 2136 vigente
1042 2045 1191 2124 ratione.
1207 2041 1301 2114 idem

181 2131 309 2253 ingiter
334 2158 453 2232 fuisset
482 2151 760 2256 praestandum?
784 2160 854 2230 Cur
867 2172 870 2176 ’
883 2157 1001 2230 nullae
1030 2171 1127 2232 recto
1156 2159 1296 2233 tramite

183 2294 305 2367 preces
329 2273 375 2344 ad
407 2275 682 2368 Imperatorem,
709 2275 769 2366 qui
796 2285 888 2344 certe
912 2285 1151 2368 opportunam
1177 2273 1298 2346 admo·

183 2387 271 2456 dum
295 2400 417 2458 nactus
446 2400 535 2458 esset
558 2389 775 2460 occasionem
801 2399 839 2461 ut
863 2389 1056 2483 Episcopos
1079 2389 1209 2462 arctius
1233 2385 1301 2462 sibi

184 2501 415 2598 adstringeret
440 2515 545 2596 atque
576 2501 864 2596 obsequentiores
888 2500 1080 2576 redderet?
1102 2503 1173 2576 Cur
1197 2502 1297 2576 Pallii

185 2639 286 2699 usus,
306 2639 387 2687 cum
407 2638 510 2712 saepe
528 2617 665 2712 saepius
684 2613 868 2688 Pontifices
886 2616 1014 2711 aliique
1033 2616 1213 2688 Praesules
1230 2618 1301 2688 lm·

185 2729 404 2826 peratoribus
430 2730 524 2804 haud
550 2735 673 2826 gerere
696 2754 831 2804 morem
856 2745 1083 2826 cogerentur,
1106 2755 1299 2828 numquam

185 2846 231 2917 ab
258 2848 473 2942 lmperatore
499 2847 707 2918 revocatus?
879 2829 882 2838 ⁵

257 2962 373 3034 Facile
393 2985 479 3034 vero
503 2960 692 3034 difficultas
709 2985 751 3034 ex
771 2986 878 3058 supra
897 2965 1075 3036 recensitis
1092 2961 1218 3038 litteris
1239 2986 1302 3058 pe-

185 3079 245 3148 tita
272 3077 421 3148 solvitur
442 3079 469 3148 si
489 3077 785 3150 animadvertatur
805 3075 953 3150 Pallium
976 3102 1040 3174 per
1063 3079 1302 3173 Apostolicam
1391 3065 1394 3074 ¹

184 3189 309 3264 Sedem
330 3193 610 3288 iis‘potissimum
635 3191 759 3264 donari
784 3205 857 3264 tum
876 3193 1096 3266 consuevisse
1114 3195 1175 3288 qui
1196 3215 1303 3290 pecu·

185 3305 271 3378 liare
284 3307 427 3402 aliquod
438 3331 565 3379 munus
577 3308 776 3402 vigilantiae
786 3322 844 3379 aut
859 3308 1030 3380 vicarialis
1040 3309 1222 3404 potestatis
1237 3331 1302 3404 per

184 3422 343 3494 eamdem
362 3422 583 3506 obtinebant,
600 3426 649 3494 uti
667 3426 740 3519 ipse
754 3426 804 3495 De
817 3426 932 3495 ldarca
947 3423 1189 3506 adnotaverat;
1204 3423 1302 3518 quod

184 3538 326 3632 quidem
358 3550 508 3631 utroque
528 3561 575 3610 eo
599 3540 635 3608 in
660 3561 741 3610 casu
772 3561 813 3610 ac
839 3539 1046 3634 praesertim
1072 3537 1117 3609 de
1141 3538 1303 3610 Auxanio

185 3653 378 3724 Arelatensi
396 3653 653 3724 evidentissime
670 3665 816 3724 constat.
833 3655 965 3735 Porro,
986 3675 1068 3724 cum
1082 3651 1167 3724 illae
1185 3652 1303 3725 trade·

186 3779 308 3840 rentur
326 3769 464 3842 litterae
484 3767 727 3864 pervigilium
746 3781 781 3840 et
798 3770 1023 3864 Gregorium,
1044 3771 1200 3840 Romana
1219 3769 1304 3840 civi·

187 3895 239 3954 tas
262 3896 297 3956 et
320 3885 521 3978 provinciae
545 3881 713 3955 finitimae
730 3881 897 3956 suberant
921 3884 1051 3954 Graeco
1075 3884 1299 3979 Imperatori,
1395 3935 1400 3947 .

186 3999 247 4092 qui
261 3999 365 4070 etiam
379 4000 508 4071 veteris
521 4000 663 4093 lmperii
679 3999 754 4070 iura
769 4022 832 4094 per
845 3999 1071 4072 Occidentem
1086 3999 1152 4071 sibi
1171 4003 1303 4073 servari

188 4135 256 4206 pro
278 4112 413 4186 viribus
436 4113 682 4188 contendebat.
706 4117 837 4188 Notum
862 4127 914 4186 est
938 4129 1070 4209 quanta
1089 4117 1122 4187 vi
1143 4117 1305 4188 lustinia·

189 4252 255 4307 uus
272 4241 306 4300 et
318 4229 502 4302 l’beodora
519 4233 555 4301 in
568 4215 732 4327 Vigilium
750 4234 884 4326 egerint
903 4233 1107 4327 praesertim
1126 4229 1176 4304 ob
1195 4232 1302 4304 trium

189 4343 430 4440 Capitulorum
453 4370 612 4420 causam:
640 4361 764 4420 notum
787 4361 838 4422 est
863 4349 1069 4443 Gregorium
1095 4351 1142 4422 ld.
1168 4349 1301 4443 optime
