3402 5222
850 395 1027 464 -58-·-

380 555 398 599 s
426 551 470 602 ex
494 549 595 600 more
620 529 874 602 transmisimus
897 541 932 602 et
952 531 1046 603 vices
1063 551 1127 602 vos
1150 527 1373 624 Apostolicae
1396 529 1491 604 Sedis

374 672 393 714 s
421 667 525 740 agere
549 645 672 716 iterata
696 645 923 718 innovatione
946 646 1217 717 decernimus.»

442 758 802 832 Animadvertendum
833 761 963 854 passim
988 761 1193 856 antiquioris
1225 761 1492 834 consuetudinis

370 876 586 948 mentionem
604 872 699 958 fieri,
718 885 757 946 ut
775 885 970 947 constater
987 893 1060 970 quo
1079 875 1306 970 Symmachus
1323 875 1369 948 ad
1388 877 1493 948 Prac-

370 989 595 1064 decessorum
612 1011 747 1062 morem
768 1001 955 1086 provocet:
970 991 1116 1084 Vigilius
1133 990 1226 1062 idem
1244 1013 1263 1063 a
1283 992 1494 1086 Symmacho

371 1102 491 1200 quoad
509 1103 812 1200 praedecessorem
828 1105 994 1188 Auxanii,
1012 1103 1211 1176 Caesarium
1229 1129 1369 1202 nempe,
1391 1127 1493 1200 prae·

371 1222 493 1292 stitum
528 1217 705 1292 alfirmot:
750 1219 939 1314 Gregorius
970 1217 1016 1290 ad
1044 1220 1228 1314 Virgilium
1257 1221 1344 1292 item
1370 1221 1496 1294 Arela-

371 1314 520 1406 tensem.
564 1331 703 1418 «Quod
732 1355 820 1404 vero
854 1331 962 1402 iuoeta
994 1331 1186 1428 antiquum
1223 1358 1358 1406 morem
1390 1359 1496 1408 usum

377 1449 477 1522 Pallii
503 1449 659 1554 novices
684 1445 781 1520 Sedis
806 1447 1027 1544 Apostolicae
1052 1449 1282 1544 postulasti.»
1308 1450 1405 1523 ldcm
1430 1473 1496 1546 pa·

372 1566 459 1636 riter
476 1563 608 1636 indicat
628 1564 817 1659 Gregorius
843 1561 889 1634 ad
911 1563 1103 1635 iohannem
1126 1564 1335 1636 Iustinianae
1361 1566 1497 1659 primae

374 1701 455 1753 cum
478 1678 628 1750 Pallium
651 1677 830 1750 trasmittit
858 1687 922 1748 «et
940 1677 1034 1748 vices
1060 1677 1284 1772 Apostolicae
1309 1677 1407 1749 Sedis
1430 1677 1496 1748 ire-

376 1821 394 1862 s
422 1810 509 1865 ratu
525 1791 753 1865 innovatione
765 1791 867 1864 illum
885 1815 1012 1887 ageres
1028 1791 1197 1864 decernit.
1216 1795 1362 1888 Exurgit
1379 1817 1423 1865 ex
1439 1793 1498 1865 his

374 1909 543 1992 Pallium,
563 1907 842 2004 Archiepiseopis
862 1919 897 1978 et
915 1908 1096 2004 Episcopis
1120 1908 1319 1990 nonnullis,
1338 1907 1497 1981 delatum

373 2022 480 2096 fuisse
498 2025 536 2095 in
554 2023 693 2119 signum
710 2024 917 2119 praesertim
933 2023 1112 2095 Vicarialis
1132 2025 1332 2120 potestatis,
1352 2026 1497 2096 nomine

377 2151 517 2210 sanctae
539 2137 637 2208 Sedis
665 2134 902 2210 exercendae:
929 2148 966 2208 et
989 2135 1133 2232 quidem
1158 2139 1275 2234 praxis
1299 2139 1364 2212 ista
1388 2139 1496 2234 longe

376 2255 554 2350 antiquior
577 2264 652 2325 erat
675 2252 822 2324 saeculis
846 2253 971 2346 quinto
989 2265 1024 2323 et
1042 2264 1153 2324 sexto.
1266 2239 1271 2250 ⁸

448 2369 589 2464 Optime
601 2366 639 2438 id
651 2366 800 2462 explicat
813 2367 930 2462 praxis
942 2366 1004 2438 illa
1016 2388 1085 2462 qua
1098 2366 1228 2440 usualis
1240 2367 1338 2464 pallii
1352 2367 1497 2441 traditio

374 2482 515 2580 signum
533 2493 607 2554 erat
628 2482 777 2554 traditae
797 2482 991 2553 missionis:
1023 2503 1088 2554 nec
1109 2483 1260 2578 perspici
1282 2495 1400 2578 potest
1420 2505 1501 2578 quo

374 2597 483 2670 modo
506 2597 680 2670 missionis
705 2595 927 2693 Apostolicae
944 2595 1068 2680 Sedis,
1090 2597 1252 2692 Petrique
1272 2599 1414 2670 nomine
1434 2620 1498 2693 ge-

375 2713 506 2785 rendae
539 2713 681 2806 signum
710 2713 987 2785 vetustissimum
1020 2723 1289 2807 constanterque
1319 2725 1498 2786 servatum

375 2849 450 2899 esse
479 2840 623 2922 posset,
656 2826 756 2921 quod
793 2826 949 2921 aliquam
976 2826 1183 2899 relationem
1213 2849 1294 2898 cum
1322 2828 1427 2898 Petro
1456 2849 1498 2899 ac

374 2942 542 3015 Romanis
575 2939 803 3013 Pontificibus
832 2941 930 3014 haud
960 2939 1124 3026 haberet,
1156 2951 1261 3036 atque
1290 2939 1498 3014 indifferens

375 3079 526 3154 prorsus
551 3078 615 3152 per
639 3078 676 3128 se
700 3068 949 3127 ornamentum
974 3067 1077 3126 esset.

448 3170 657 3266 Argumenti
680 3171 734 3242 vis
755 3182 902 3264 augetur
926 3169 955 3241 si
979 3168 1239 3266 perpendamus
1262 3189 1354 3265 quae
1372 3163 1493 3241 ttaba-

377 3305 445 3358 nus
468 3286 611 3356 ltlaurus
635 3283 774 3356 saeculo
791 3305 888 3356 nono
912 3282 977 3356 lib.
996 3285 1025 3356 1.
1046 3284 1091 3355 de
1108 3283 1327 3355 institutione
1343 3281 1497 3354 clericali

376 3422 409 3472 c.
430 3400 492 3472 23.
513 3399 728 3495 proferebat.
759 3402 937 3472 «Summo
962 3397 1141 3485 Pontifici,
1167 3399 1229 3494 qui
1251 3398 1496 3493 Archiepisco-

379 3542 398 3583 s
426 3538 494 3612 pus
519 3528 682 3600 vocatur,
697 3531 846 3613 propter
862 3514 1104 3612 Apostolicam
1128 3513 1239 3587 sicem
1257 3513 1358 3586 Pallii
1378 3513 1497 3585 honor

381 3656 399 3697 »
427 3629 646 3714 decernitur,
673 3628 772 3724 quod
796 3652 908 3724 genus
928 3629 1125 3702 indumenti
1141 3629 1260 3700 Crucis
1277 3628 1497 3723 signaculum

381 3773 399 3814 »
427 3767 609 3842 purpureo
633 3746 753 3842 colore
777 3746 960 3842 exprimit,
980 3756 1021 3816 ut
1037 3746 1116 3842 ipso
1131 3742 1277 3816 indutus
1297 3742 1458 3814 Pontifex
1475 3765 1496 3816 a

382 3887 400 3929 »
428 3873 529 3955 tergo
547 3873 583 3932 et
598 3873 742 3956 pectore
760 3883 901 3932 crucem
919 3857 1063 3942 habeat,
1083 3867 1216 3953 suaque
1238 3870 1354 3930 mente
1378 3858 1436 3952 pie
1460 3870 1497 3929 et

382 4001 401 4043 »
428 3974 535 4070 digne
559 3974 604 4047 de
633 3977 794 4070 passione
824 3975 1069 4070 Redemptoris
1097 3975 1248 4069 cogitet,
1275 3995 1315 4045 ac
1339 3971 1493 4068 populo,

383 4116 401 4157 u
430 4091 498 4184 p'ro
516 4111 589 4184 quo
608 4092 797 4163 Dominum
822 4091 1048 4188 deprecatur,
1068 4089 1324 4186 redemptionis
1341 4110 1424 4160 suae
1449 4087 1497 4159 si·

384 4232 401 4273 »
430 4204 619 4299 gnaculum
643 4205 874 4280 demonstret.
895 4206 1070 4280 Gondecet
1091 4229 1233 4302 quoque
1251 4203 1341 4276 bene
1357 4215 1397 4276 ut
1415 4201 1495 4300 apsa

383 4346 402 4389 u
429 4319 632 4418 apostoliea
658 4320 822 4418 dignitas
846 4322 1088 4418 Apostolicum
1111 4323 1228 4396 virum
1248 4318 1394 4393 iaciat.»
