3402 5222
858 432 1011 492 ...4-

450 563 507 636 td
539 563 777 636 Arelatensem
810 564 895 634 item
931 561 1130 634 Antistitem
1160 558 1361 656 Sapaudum
1390 559 1491 633 Pela·

376 679 455 776 gius
473 680 500 749 1.
521 679 615 749 misit
640 677 787 750 Pallium
814 677 894 748 «Ut
919 674 1011 747 sedis
1038 687 1176 748 nostrae
1207 675 1365 747 vicarius
1389 675 1490 746 insti-

380 820 398 862 »
425 805 538 874 tutus,
559 791 714 864 adinstar
739 803 900 864 nostrum
924 791 961 860 in
985 788 1176 862 Galliarum
1201 785 1359 884 partibus
1382 789 1491 884 primi

380 935 398 977 »
426 907 615 980 sacerdotis
642 906 761 980 locum
785 904 988 978 obtineas.»
1325 895 1327 902 '

448 1023 489 1094 ln
515 1035 652 1116 regesto
677 1024 711 1094 S.
732 1023 891 1116 Gregorii
909 1022 958 1092 111.
979 1019 1098 1116 plures
1122 1018 1291 1114 epistolae
1316 1016 1361 1090 ad
1386 1017 1490 1090 Pallii

376 1141 636 1210 concessionem
653 1137 870 1210 reseruntur:
890 1159 952 1208 eae
970 1158 1055 1208 vero
1073 1134 1118 1206 ad
1135 1133 1332 1206 Occidentis
1349 1133 1492 1228 potissi-

375 1275 474 1326 mum
493 1254 690 1348 provincias
710 1254 903 1349 pertinent,
922 1247 1123 1346 inter'quas
1146 1249 1380 1322 recensendae
1398 1271 1490 1343 quo-

309 1357 312 1362 *
376 1390 446 1464 que
461 1370 603 1442 Graecia
619 1381 655 1442 et
672 1369 873 1463 lllyricum3
894 1353 1081 1464 posteriori
1102 1367 1196 1438 enim
1222 1385 1309 1436 aevo
1322 1376 1490 1438 ‚tantum-

375 1483 485 1556 modo
509 1483 884 1579 Constantinopolitani
914 1482 1093 1554 Antistites
1119 1479 1164 1552 de
1188 1481 1231 1552 iis
1256 1479 1491 1575 patriarchico

375 1602 454 1672 iure
477 1596 544 1670 sibi
570 1597 794 1670 subiiciendis
818 1609 978 1696 egerunt.

449 1713 515 1786 Per
537 1713 690 1797 ltaliam,
715 1713 862 1785 lohanni
887 1723 922 1786 et
946 1712 1140 1784 Mariniano
1169 1705 1490 1784 Ravennatensibus

375 1827 563 1922 Gregorius
588 1828 735 1901 Pallium
760 1827 856 1901 dedit
882 1850 929 1900 uc
946 1827 1146 1922 provisorlo
1170 1823 1279 1898 modo
1303 1825 1426 1909 annuit
1449 1837 1489 1896 ut

375 1956 500 2039 quater
513 1945 551 2016 in
569 1966 662 2016 anno
679 1944 784 2016 etiam
797 1955 893 2016 extra
910 1944 1091 2016 Missarum
1110 1941 1279 2039 solemnia
1293 1942 1329 2011 in
1347 1941 1491 2012 Litaniis

375 2058 522 2130 Pallium
536 2058 745 2132 deferretur.
767 2061 835 2130 Pro
851 2059 1005 2130 Iohanne
1019 2057 1137 2130 videas
1154 2054 1219 2126 lib.
1234 2055 1484 2150 triopae-V.

375 2197 433 2270 ep.
459 2178 496 2246 2.
524 2197 591 2270 pro
621 2175 814 2247 Mariniano
837 2171 900 2244 lib.
926 2175 968 2245 V.
991 2197 1049 2270 ep.
1079 2173 1294 2267 56.-v1.ep.
1319 2173 1379 2243 61.
1402 2171 1489 2242 Gre-

312 2353 315 2362 .
374 2290 504 2386 gorius·
518 2292 603 2363 item
632 2291 836 2363 Constantio
865 2289 1115 2362 Mediolanensi
1147 2287 1307 2364 coneedit
1337 2285 1487 2357 Pallium

374 2404 439 2478 lib.
460 2407 518 2478 lV.
549 2429 608 2502 ep.
636 2409 668 2477 1.
691 2405 840 2478 lohanni
862 2407 1111 2478 Panormitano
1140 2399 1205 2475 lib.
1219 2403 1312 2474 Xlll.
1338 2425 1396 2498 ep.
1425 2401 1485 2472 37.

374 2521 514 2594 Domno
542 2523 750 2594 Messanensi
779 2519 856 2594 Lib.
877 2523 935 2593 Vl.
965 2545 1022 2617 ep.
1043 2522 1079 2592 9.
1108 2519 1256 2592 iohanni
1282 2519 1488 2590 Siracusano

374 2633 503 2708 lib.Vl.
519 2639 628 2732 epist.'
639 2639 696 2710 18.
711 2636 910 2710 Nonnullae
920 2635 1088 2732 epistolae
1099 2634 1222 2708 eadem
1235 2632 1388 2705 formula
1402 2645 1508 2706 con-¹

374 2753 549 2834 tinentur‚
570 2753 738 2824 nimirum
752 2751 812 2824 ubi
827 2751 876 2824 nil
892 2765 967 2824 erat
985 2751 1205 2846 peculiariter
1222 2749 1485 2822 adnotandum:

375 2865 753 2940 admodumeredibile
771 2880 823 2939 est
841 2891 883 2939 ex
897 2869 1047 2962 antiquis
1059 2867 1201 2962 regestis
1218 2849 1338 2961 plures
1351 2865 1396 2936 de
1409 2863 1489 2938 Pal-

375 2972 426 3053 lio
439 2982 605 3078 epistolas
617 2981 798 3065 excidisse,
817 3005 908 3078 quae
926 2982 1048 3054 eadem
1066 2977 1345 3076 expediebantur.
1357 2978 1484 3058 forma.
1507 3003 1511 3012 ·

448 3098 597 3170 Pallium
623 3098 827 3170 conceditur
850 3100 1002 3170 Maximo
1026 3096 1228 3170 Salonitano
1255 3097 1292 3167 in
1317 3095 1488 3167 Dalmatia

374 3208 439 3282 lib.
462 3213 522 3286 lx.
545 3236 603 3309 ep.
634 3215 717 3284 125.

377 3371 379 3376 .
446 3326 708 3400 Perhcnorilloa
724 3340 776 3400 est
792 3327 890 3400 Pallii
907 3326 1050 3400 traditio
1068 3349 1131 3422 per
1147 3328 1264 3421 ipsum
1278 3325 1487 3420 Gregorium

309 3467 311 3474 ’
372 3442 538 3538 ldagnum
556 3444 602 3524 in·
614 3442 763 3516 leandri
777 3443 990 3540 Hispalensis
1015 3443 1185 3516 Antistitis
1209 3440 1368 3514 favorem
1393 3440 1487 3512 edita

372 3555 400 3628 l.
416 3559 476 3629 lx.
493 3583 551 3654 ep.
570 3561 651 3658 121.
674 3562 753 3630 122.
1404 3561 1407 3570 ’

376 3727 380 3735 .
446 3674 500 3744 Ad
519 3660 704 3770 Virgilium
724 3674 960 3747 Arelatensem
977 3673 1041 3745 lib.
1057 3675 1099 3744 V.
1116 3697 1173 3770 ep.
1185 3672 1251 3744 53.
1276 3673 1401 3744 «Vices
1420 3693 1486 3742 no-

376 3813 394 3854 »
422 3798 510 3859 stras
534 3791 571 3860 in
596 3790 755 3862 Ecclesiis
779 3813 870 3886 quae
894 3788 961 3860 sub
985 3811 1097 3884 regno
1115 3801 1198 3860 sunt
1224 3785 1485 3884 praecellentis-

375 3929 394 3972 s
421 3903 499 3974 simi
524 3891 588 3975 filii
617 3903 852 3978 childeberti:
880 3903 1029 3976 Pallium
1060 3927 1203 3999 qnoque
1228 3903 1485 3975 transmisimus

375 4043 393 4085 n
420 4040 494 4112 quo
518 4018 715 4091 fraternitas
740 4032 799 4092 tua
816 4021 907 4092 intra
925 4003 1114 4092 Ecclesiam
1140 4015 1278 4092 adsela
1302 4019 1487 4091 Missarurn

375 4159 393 4200 ι)
420 4131 591 4206 solemnia
616 4147 783 4206 utatur.»

371 4291 376 4301 -
444 4247 543 4320 ldem
560 4251 704 4344 Syagrio
720 4249 1027 4344 Augustodunensi
1040 4251 1227 4346 Episcopo,
1244 4247 1486 4343 Lugdunensis

370 4363 576 4462 Metropolis
593 4364 833 4460 suffraganeo,
860 4364 1009 4436 Pallium
1033 4365 1132 4437 dedit
1159 4363 1222 4436 lih.
1251 4365 1310 4437 lX·.
1336 4386 1394 4459 ep.
1426 4365 1482 4434 11.
