3402 5222
852 389 1028 452 ..66-

383 521 468 594 dere
487 533 602 594 cetera
614 539 705 615 qnae
721 529 906 590 servantur
920 517 966 590 de
981 517 1093 590 Pallio
1107 529 1146 588 ut
1160 517 1287 612 singuli
1308 519 1498 614 accipiant,
1629 521 1639 532 “

383 661 424 710 ac
448 661 584 719 rursus,
613 658 680 731 pro
705 657 797 708 nova
820 635 1004 706 missione:
1034 655 1115 705 cura
1135 645 1175 705 ut
1195 645 1375 728 acceptum
1402 633 1502 704 iden-

383 756 493 826 tioum
519 751 667 824 Pallium
692 749 819 846 iugiter
844 761 1006 822 servetur
1029 771 1094 820 nec
1121 748 1358 830 distrahatur,
1388 772 1502 842 eoque

381 863 549 958 indutum
574 865 730 939 defuncti
754 864 925 936 Praesulis
946 887 1076 960 corpus
1100 863 1301 960 sepulturae
1326 863 1499 936 tradatur.

776 1149 999 1216 tancottts
1021 1149 1109 1214 Xlll.

784 1365 898 1443 scae
917 1361 1100 1443 tamnu-
1194 1473 1197 1478 Ι

460 1555 655 1634 mfficutm
667 1557 820 1653 proponi
832 1567 949 1653 posset
961 1554 1044 1628 inde
1057 1555 1164 1652 petita
1176 1554 1273 1648 quod
1285 1553 1504 1628 Pontificium

387 1671 536 1744 Pallium
552 1693 625 1742 non
643 1671 687 1742 sit
706 1683 799 1742 certe
816 1671 933 1766 ipsum
948 1671 988 1740 B.
1003 1670 1094 1742 Petri
1113 1668 1274 1751 Pallium,
1292 1669 1354 1741 sed
1378 1673 1505 1766 iugiter

387 1787 433 1860 de
452 1809 546 1858 novo
567 1785 792 1868 eliormetur,
819 1809 883 1858 nec
901 1798 1037 1858 tantum
1062 1808 1129 1880 pro
1148 1787 1226 1880 ipso
1251 1783 1417 1858 Pontifice
1443 1787 1504 1858 sed

388 1902 492 1998 plura
519 1899 604 1974 liant
629 1914 668 1973 ut
694 1902 770 1974 aliis
795 1923 937 1996 quoque
961 1899 1184 1972 Antistitibus
1208 1899 1405 1972 tradantur.

462 2019 557 2088 Licet
574 2039 617 2089 et
636 2015 738 2089 dictis
753 2015 863 2088 facilis
877 2018 977 2088 istius
993 2013 1202 2088 obiectionis
1219 2017 1348 2087 solutio
1363 2018 1503 2098 existat,

389 2130 476 2204 libet
493 2144 610 2206 tamen
632 2131 749 2204 eidem
767 2155 787 2204 e
807 2134 990 2228 proposito
1008 2129 1217 2204 satisfacere.
1237 2131 1399 2203 Profecto
1415 2155 1506 2227 quae

389 2245 582 2320 afferebam
597 2246 745 2320 suadent
763 2270 827 2342 per
844 2249 969 2320 Linum
988 2247 1145 2342 aliosque
1165 2249 1301 2341 priores
1323 2245 1508 2318 Pontifices

390 2364 506 2457 ipsum
526 2363 618 2434 Petri
635 2360 783 2432 rattium
799 2363 916 2456 primo
934 2359 1131 2432 adhibitum
1145 2360 1268 2432 fuisse:
1288 2359 1378 2455 illud
1390 2363 1507 2456 ipsum

390 2476 482 2548 torte
500 2478 617 2572 primo
637 2475 820 2548 discissum
840 2488 911 2559 est,
929 2475 1022 2549 unde
1043 2489 1161 2571 partes
1178 2475 1254 2548 aliis
1270 2474 1504 2548 traderentur.

391 2593 555 2664 Attamen
578 2603 808 2686 consumpte,
824 2591 879 2664 vel
900 2593 1023 2686 quavis
1047 2589 1113 2662 alia
1134 2590 1180 2662 de
1198 2613 1303 2666 ¹causa
1320 2593 1411 2661 inter
1428 2613 1509 2684 gra-

391 2706 548 2776 vissimas
567 2706 826 2800 persecutiones
854 2727 898 2776 co
924 2706 1069 2788 amisso,
1092 2706 1181 2776 ritus
1199 2705 1356 2799 gestandi
1381 2727 1420 2777 ac
1436 2718 1508 2777 tra-

392 2817 499 2890 dendi
511 2819 610 2890 Pallii
626 2821 663 2890 in
680 2815 890 2913 obsequium
902 2831 936 2890 et
951 2821 1321 2892 commemorationem
1333 2801 1424 2891 Petri
1438 2821 1509 2891 iam

392 2933 608 3017 invaluerat,
630 2947 666 3006 ot
686 2938 772 3007 tanti
788 2933 956 3030 ponderis
974 2956 1013 3006 ac
1030 2936 1208 3028 gravitatis
1231 2947 1308 3006 erat
1330 2947 1369 3006 ut
1394 2937 1509 3006 omitti

393 3047 489 3120 haud
504 3047 655 3143 amplius
671 3062 806 3144 posset;
821 3049 878 3120 vel
896 3051 1001 3121 etiam
1015 3073 1058 3120 ex
1071 3049 1219 3130 solemni
1236 3073 1280 3121 eo
1296 3073 1396 3122 more
1412 3051 1509 3122 inve-

393 3177 470 3236 ctus
484 3163 591 3236 dinde
608 3177 672 3236 est.
690 3163 850 3236 Proiecto
867 3164 952 3235 haec
969 3165 1251 3260 repraesentandi
1265 3169 1354 3237 ratio
1370 3167 1407 3236 in
1420 3166 1510 3237 sole·

394 3278 601 3356 multatibus
615 3280 760 3374 aliisque
772 3277 935 3376 pluribus
948 3280 1119 3351 Ecclesiae
1132 3281 1297 3352 institutis
1309 3281 1510 3375 frequentis·

394 3397 483 3467 sima
503 3409 606 3466 estet
624 3407 776 3468 naturae·
795 3396 860 3490 ipsi
885 3407 1133 3477 consentanea,
1154 3418 1224 3490 qua
1241 3419 1305 3492 per
1327 3397 1507 3491 imagines,

394 3531 624 3604 personarum
640 3531 679 3582 ac
698 3533 818 3596 rerum
830 3509 985 3582 delectus
1005 3511 1133 3604 passim
1149 3510 1347 3606 suppletur.
1361 3513 1452 3582 Hinc
1465 3511 1510 3583 ad

395 3626 499 3719 primi
513 3624 608 3696 illius
620 3626 864 3709 imitationem,
879 3625 1029 3696 alterum
1042 3639 1217 3720 paratum,
1233 3628 1378 3698 materia
1398 3627 1512 3722 dispo

396 3739 461 3809 sita
476 3739 694 3812 multimodis
709 3737 834 3812 ritibus
848 3763 888 3811 ac
903 3741 1108 3836 praesertim
1119 3764 1185 3836 per
1197 3744 1452 3837 appositionem
1467 3742 1511 3814 ad

396 3853 487 3922 Petri
509 3854 617 3947 ipsius
636 3877 784 3948 corpus,
810 3867 849 3924 ut
871 3854 966 3925 illius
986 3853 1137 3926 delectui
1162 3857 1322 3939 meliori,
1342 3879 1417 3951 quo
1434 3854 1512 3929 fieri

397 3978 532 4060 posset,
553 3966 662 4038 modo
679 3965 822 4038 obviarn
846 3969 970 4040 iretur.
996 3969 1187 4040 Necessitas
1205 3969 1415 4042 efformandi
1433 3961 1512 4042 Pal-

397 4080 486 4162 linm
511 4083 843 4175 repraesentativum
873 4083 1002 4177 prioris
1035 4081 1149 4166 illius,
1183 4083 1510 4180 multiplicationem

400 4193 594 4266 faciliorem
618 4195 792 4279 reddidit,
813 4210 857 4267 ut
884 4217 1011 4293 nempe
1035 4197 1192 4269 solemne
1208 4221 1257 4270 ac
1280 4199 1514 4273 luculentissi-

399 4332 496 4382 mum
516 4311 652 4386 adesset
673 4311 1013 4406 signum'potestatis
1032 4335 1140 4408 quae,
1160 4315 1194 4386 vi
1217 4315 1444 4392 successionis
1468 4313 1513 4387 ad
