3402 5222
848 409 1024 469 ..54-

784 671 1005 746 tnttcuttts
1028 673 1116 736 Vlll.

708 883 762 944 nx
781 887 907 946 macru
929 869 991 964 qni
1010 887 1194 978 emnem„

458 1077 713 1168 Argumentum
724 1097 867 1170 quoque
884 1076 1048 1148 accedere
1061 1076 1201 1147 videtur
1215 1099 1256 1147 ex
1272 1080 1415 1150 materia
1430 1083 1499 1174 qua

385 1213 522 1261 sacrum
533 1189 683 1260 Pallium
703 1189 924 1280 efformatae,
940 1179 1219 1262 tana'videttcer:
1240 1193 1338 1286 quod
1357 1193 1503 1288 quidem¹

384 1304 477 1404 apud
506 1306 654 1376 Graecos
678 1317 713 1375 et
738 1304 866 1377 latinos
897 1308 1038 1400 antiqua
1065 1309 1162 1400 praxi
1188 1309 1321 1402 pariter
1352 1333 1500 1405 usurpa·

384 1435 459 1492 tum
484 1417 642 1490 constat:‘
662 1419 835 1514 siquidem
863 1421 1017 1491 Isidorus
1043 1422 1213 1493 Pelusiota
1235 1421 1301 1516 pro
1323 1425 1497 1519 Aegypto,

383 1536 582 1607 Eusthatius
599 1538 635 1606 in
652 1536 824 1636 Eutychio
841 1557 908 1630 pro
928 1535 1341 1632 Constantinopolitan'is,
1358 1539 1499 1612 laneum

384 1650 532 1744 pallium
557 1663 847 1721 commemorant.
1563 1655 1566 1662 “

458 1763 570 1836 Obiici
596 1777 713 1860 posset
738 1767 976 1837 testimonium
994 1753 1167 1837 vlohanriis
1193 1768 1334 1838 Diaconi
1366 1770 1402 1837 in
1433 1769 1500 1838 vita

384 1882 419 1950 S.
433 1881 588 1972 Gregorii
613 1883 659 1950 Μ.
681 1877 744 1950 lib.
763 1881 916 1974 1V.cap.
936 1880 995 1952 80.
1016 1877 1078 1952 ubi
1104 1879 1225 1962 refert,
1247 1881 1440 1974 nonnullos
1458 1879 1502 1953 ab

346 2063 352 2078 ,
384 1996 459 2070 eius
476 1993 576 2065 obitu
594 2017 716 2076 annos,
733 1997 847 2066 Sancti
865 1993 1042 2067 Pontificis
1059 2018 1187 2091 corpus
1205 1996 1417 2068 collocatum
1437 1997 1503 2069 sub

385 2111 485 2206 altari
505 2133 617 2205 prope
637 2112 878 2181 secretarium:
895 2112 1044 2204 loquens
1062 2124 1178 2184 autem
1195 2111 1240 2182 de
1257 2111 1367 2183 Pallio
1384 2135 1424 2184 ea
1444 2136 1504 2184 oc-

384 2228 522 2298 casione
540 2238 695 2297 extracto
714 2225 821 2297 refert
837 2226 928 2297 illud
954 2225 1056 2323 bysso
1077 2225 1252 2296 condente
1274 2245 1498 2306 contextum,

383 2344 526 2412 nor'nine
544 2353 661 2412 autem
679 2338 774 2434 byssi
792 2343 1003 2434 exquisitum
1020 2341 1133 2412 linum
1151 2341 1296 2412 indicari
1313 2341 1466 2414 videtur.

456 2458 642 2528 Garnerius
660 2457 746 2528 tanti
772 2455 853 2526 facit
879 2455 947 2526 hoc
977 2447 1216 2534 testimonium
1241 2469 1280 2548 ut
1306 2456 1389 2526 inde
1419 2479 1502 2527 con-

384 2570 503 2652 cludat
527 2571 700 2641 recentius
724 2581 859 2640 tanturn
881 2570 917 2638 in
937 2573 1091 2641 Romana
1118 2569 1267 2640 Ecclesia
1293 2569 1441 2642 Pallium
1461 2595 1504 2643 ex

329 2745 331 2752 Α
384 2686 461 2756 lana
479 2685 554 2756 fieri
573 2687 804 2757 consuevisse.
825 2689 899 2755 Hac
919 2686 1068 2756 admissa
1087 2687 1277 2766 sententia,
1299 2685 1427 2757 clarius
1444 2709 1504 2781 pa-

384 2814 474 2872 teret
505 2804 676 2872 rationem
706 2800 804 2872 illam
835 2802 1017 2894 mysticam
1035 2824 1093 2871 -ex
1117 2800 1198 2871 lana
1223 2785 1403 2882 eductam,
1432 2823 1503 2872 non

384 2916 489 3010 fuisse
519 2939 655 2986 oausam
682 2917 779 2987 Pallii
805 2916 1030 2996 instituendi,
1058 2915 1231 3010 siquidem
1259 2916 1409 2987 Pallium
1434 2918 1504 2988 iam

384 3031 651 3126 praeexistebat.
1100 3058 1103 3064 ¹

456 3148 620 3218 Attamen
645 3147 740 3218 haud
766 3147 906 3220 videtur
931 3146 1119 3224 reiicienda
1144 3147 1351 3241 hypothesis
1368 3149 1504 3241 Nioolai

384 3261 430 3337 de
460 3264 600 3334 Bralion
625 3265 661 3333 in
687 3263 860 3334 dissertat.
894 3261 1054 3334 Polliam
1086 3259 1411 3358 archiepiscopale,
1443 3267 1505 3356 qui

384 3390 483 3471 putat
496 3378 751 3449 hallucinatum
764 3400 804 3448 ea
817 3379 855 3452 in
867 3401 905 3446 re
919 3377 1111 3448 iohannem
1124 3367 1331 3452 Diaconum.
1346 3378 1505 3448 Animad·

383 3494 488 3561 vertit
506 3493 713 3585 Gregorium
731 3494 847 3585 ipsum
866 3492 965 3561 Pallii
990 3493 1171 3562 materiam
1193 3489 1393 3561 describere
1414 3515 1504 3586 quae

383 3605 541 3699 designet
564 3602 797 3677 humilitatem
817 3630 857 3677 ac
878 3607 1146 3688 demissionem,
1171 3607 1269 3701 quod
1291 3620 1384 3677 certe
1408 3603 1503 3678 haud

383 3722 628 3792 conciliaretur
653 3744 733 3791 cum
759 3719 867 3816 bysso
894 3720 1088 3800 candente:
1117 3744 1137 3792 a
1163 3721 1398 3791 tumulatione
1419 3723 1504 3792 Gre-

383 3837 473 3928 gorii
499 3833 553 3904 bis
572 3849 713 3928 centurn
732 3857 771 3906 ac
794 3821 1048 3929 quinquaginta
1066 3856 1177 3904 annos
1203 3833 1395 3916 effluxisse,
1415 3834 1505 3906 adeo

384 3963 423 4020 ut
445 3948 629 4020 subtiliora
646 3951 735 4021 adeo
767 3947 827 4020 fila
859 3949 958 4044 pallii
976 3949 1124 4020 evadere
1146 3951 1326 4044 potuerint
1344 3961 1384 4019 ut
1404 3972 1506 4020 error

384 4065 508 4158 aliquis
527 4065 785 4135 admitteretur.
806 4064 898 4136 Addi
919 4045 1035 4159 posset
1053 4063 1187 4135 ibidem
1214 4067 1382 4135 loannem
1408 4061 1506 4134 affir-

385 4203 480 4250 mare
510 4193 589 4274 post
623 4203 734 4252 annos
765 4182 1020 4274 quinquaginta
1052 4179 1222 4251 a'morte
1252 4180 1409 4274 Gregorii
1440 4201 1506 4274 per

381 4295 589 4386 Gregorium
607 4295 663 4364 lV.
682 4293 946 4365 translationem
965 4294 1067 4366 illam
1085 4289 1257 4378 evenisse,
1274 4306 1499 4365 cumconstet
