3402 5222
653 429 830 492 ..31-

180 589 197 628 »
225 573 259 632 et
295 562 441 655 pallium
466 549 505 630 τὸ
531 551 693 657 ipr'e'ctor:
712 587 730 628 r
751 563 899 632 Nonnisi
928 583 1012 633 vero
1030 561 1076 632 de
1103 561 1212 656 pallio
1239 585 1306 660 eu·¹

177 675 301 772 plicari
326 688 474 772 possunt
495 699 588 771 quae
613 677 771 772 Angelus
795 677 841 749 ad
866 680 1010 750 Petrum
1035 700 1176 750 caraem
1196 678 1302 750 hero-

176 791 285 863 diano
313 791 495 863 detentum
516 791 622 864 babet
641 795 719 865 Act.
747 815 779 864 e.
796 794 872 864 illl.
889 817 925 864 v.
948 794 985 865 8.
999 819 1017 860 c
1033 792 1218 866 circumda
1237 793 1301 866 tibi

181 933 199 973 s
234 907 478 978 vestimentum
503 920 604 979 tuum
628 921 663 978 et
679 929 827 1002 sequere
851 931 910 980 me
933 896 1131 1012 περιβάλοι)
1150 897 1189 980 τὸ
1218 899 1301 1011 ἰμᾶμ

178 1043 256 1094 τιον
280 1045 343 1094 σου
362 1011 424 1092 soi
439 1009 635 1124 attamen
656 1009 758 1122 psi.»
780 1025 966 1097 Enimvero
986 1028 1023 1098 in
1044 1025 1303 1124 antiquioribus

178 1159 270 1232 quae
291 1151 481 1233 supersunt
503 1139 631 1210 Christi
657 1150 692 1210 et
707 1139 980 1236 Apostolorum,
1000 1142 1301 1237 quemadmodum

178 1263 214 1322 et
239 1251 498 1347 Prophetarum
518 1275 559 1324 ao
580 1253 741 1324 virorum
763 1253 956 1327 illustrium
977 1258 1110 1352 antiqui
1129 1257 1300 1338 foederis,

179 1363 392 1460 imaginihus
412 1365 559 1462 pallium
582 1367 712 1460 iugiter
723 1389 831 1463 supra
851 1370 1003 1441 tunicam
1021 1373 1188 1452 occurrit,
1203 1371 1302 1467 quod
1345 1419 1348 1425 -

180 1482 219 1553 in
238 1481 353 1578 pictis,
371 1480 531 1575 sculptis,
558 1481 696 1564 vitreis,
725 1483 870 1554 musivis
895 1483 1063 1578 operibus
1087 1485 1302 1558 Christianae

183 1595 428 1690 antiquitilatis
457 1595 683 1690 perspicuum
708 1597 837 1668 existit.

257 1709 402 1782 Nullam
421 1709 567 1805 quidem
594 1709 806 1806 peculiarem
823 1713 973 1782 vestium
992 1711 1142 1784 formam
1157 1726 1302 1786 ‘veteres

181 1824 368 1896 Christiani
393 1823 618 1896 babuerunt:
647 1846 713 1896 nec
736 1822 899 1898 dubitare
920 1825 1005 1898 licet
1023 1829 1217 1911 Romanos,
1235 1849 1302 1900 no·
1424 1848 1427 1853 ·

181 1937 328 2010 biliores
351 1939 572 2034 praesertim,
592 1951 709 2034 togam
736 1938 903 2012 induisse:
923 1939 1226 2034 frequentissimus
1249 1954 1303 2016 at·

182 2067 300 2128 tamen
326 2053 424 2150 pallii
450 2077 534 2126 usus
560 2067 644 2126 tuno
667 2056 836 2150 temporis
860 2077 925 2150 per
948 2051 1086 2138 orbem,
1102 2079 1167 2152 per
1189 2059 1301 2152 ipsam

182 2168 319 2240 ltaliam
355 2178 389 2238 et
413 2169 547 2260 Romae
583 2169 690 2239 etiam
713 2181 896 2240 evaserat:
925 2167 1089 2241 feruntur
1120 2153 1298 2265 querelae,

181 2284 324 2354 ineunte
348 2282 514 2376 Imperio,
553 2281 651 2376 quod
688 2280 778 2354 abiic
792 2294 910 2356 eretur
945 2296 1055 2378 toga:
1087 2285 1301 2356 Graecorum

182 2419 300 2468 mores
324 2396 361 2468 in
386 2396 455 2467 hoc
478 2396 583 2468 etiam
610 2394 871 2491 praevalebant,
893 2419 974 2468 cum
1001 2398 1204 2492 praesertim
1218 2397 1301 2493 pal-

183 2511 273 2584 lium
298 2521 421 2606 utpote
451 2511 622 2582 aGraecis
648 2509 869 2606 philosophis
889 2507 1087 2582 adhibitum
1109 2512 1147 2582 in
1165 2509 1301 2585 honore

183 2626 292 2698 veluti
328 2615 516 2721 sapientiae
551 2627 689 2719 signum
715 2623 917 2697 haberetur.
946 2628 1036 2698 Hinc
1066 2629 1215 2700 Romani
1240 2629 1300 2724 qui

186 2741 429 2836 philosophiae
457 2764 494 2812 se
519 2739 731 2812 addicebant
754 2764 803 2810 ecc
837 2757 926 2838 toga
951 2739 1003 2810 od
1021 2741 1179 2840 pallium
1205 2755 1302 2815 tran·

184 2857 257 2926 sire
278 2853 494 2937 terebantur,
509 2877 580 2948 qua
604 2853 650 2926 de
676 2877 715 2926 re
728 2854 830 2954 plura
845 2855 966 2927 videre
978 2867 1030 2928 est
1042 2879 1149 2952 penes
1165 2857 1302 2929 Tertul-

185 2969 332 3042 lianum,
354 2970 455 3042 Hisce
480 2967 646 3042 omnibus
670 2969 716 3041 de
741 2971 867 3062 causis,
886 2955 983 3042 Pallii
1007 2993 1111 3042 usum
1135 2971 1302 3067 frequen-

186 3086 357 3158 tissimum
386 3082 481 3180 apud
499 3085 713 3156 Christianos
729 3086 882 3156 extitisse
906 3083 1006 3156 facile
1024 3087 1174 3181 quisque
1192 3111 1302 3182 agno·

84 3215 87 3220 '
185 3205 274 3276 scit:
302 3227 345 3276 ex
372 3203 595 3276 documentis
621 3227 708 3276 vero
732 3204 938 3299 praesertim
954 3203 1159 3276 Tertulliani
1191 3215 1298 3299 patet.
1413 3209 1414 3212 ’

284 3298 411 3390 Mirum
432 3341 518 3390 vero
541 3342 616 3390 esse
642 3317 737 3390 haud
760 3315 867 3390 debet
885 3317 983 3413 quod
1006 3319 1106 3390 sicuti
1125 3341 1191 3413 pro
1209 3318 1302 3389 Chri·

184 3435 300 3506 stiano
317 3433 416 3506 cultu
440 3433 545 3528 plura
568 3435 770 3505 communia
790 3433 879 3504 olim
898 3433 1103 3505 indumenta
1122 3431 1302 3504 nonnullis

183 3571 267 3618 cum
285 3546 606 3620 modificationibus
627 3560 744 3644 aptata
767 3535 929 3630 foemam
949 3548 1097 3645 pallium
1120 3549 1236 3643 ipsum
1254 3549 1303 3618 in·

187 3676 242 3744 ter
258 3685 355 3733 sacra
372 3673 578 3734 ornamenta
601 3661 711 3734 fuerit
738 3663 971 3742 recensitum,
1004 3662 1199 3758 principem
1229 3662 1302 3731 imo

188 3775 307 3849 locum
321 3774 528 3859 obtinuerit,
545 3789 652 3874 prout
665 3779 703 3848 in
716 3774 965 3848 communibus
978 3775 1192 3846 indumentis
1209 3799 1303 3870 prae·

188 3893 332 3989 cipuum
364 3915 404 3964 ac
421 3895 539 3988 magis
566 3893 794 3988 perspicuum
822 3904 911 3964 erat.
932 3893 990 3985 ¹Ut
1018 3891 1113 3962 enim
1141 3894 1302 3962 omittam
1332 3962 1335 3968 .

188 4006 370 4102 profanae,
398 4006 528 4078 debinc
548 4029 688 4090 sacrae,
707 4005 951 4102 philosophiae
978 4007 1115 4100 signum
1132 4005 1223 4077 illud
1244 4029 1302 4076 ex-

188 4122 312 4204 titisse;
328 4145 370 4201 ex
389 4123 498 4194 veteri
512 4134 736 4207 testamento,
757 4120 806 4193 ob
824 4120 1021 4216 designatas
1040 4119 1210 4204 fimbrias,
1228 4143 1302 4191 me-

188 4237 337 4310 moriale
355 4251 430 4310 erat
450 4237 697 4310 mandatorum
715 4239 856 4309 Domini
867 4249 903 4308 et
915 4237 1150 4314 continentiae
1165 4259 1302 4307 amun-

187 4351 302 4434 danis3
325 4351 497 4446 imprimis
521 4374 607 4423 vero
632 4351 809 4434 Christus,
838 4349 1018 4446 Apostoli,
1047 4348 1178 4444 aliique
1200 4349 1301 4420 Chri·
