3402 5222
881 425 926 440 ..
949 391 991 456 22
1013 425 1059 442 ..

406 503 718 578 animadverterint
736 505 803 578 alia
821 503 913 578 lorte
931 505 1112 602 privilegia
1139 503 1371 588 uPontiiice}
1392 506 1460 578 alia
1480 506 1531 580 ab

406 624 623 718 Imperatore
641 644 705 718 per
731 619 878 694 Pettium
894 623 1049 717 potuisse
1071 619 1266 694 obveniret
1287 621 1461 718 siquidem
1489 637 1531 694 ut

406 759 449 808 ex
465 737 632 808 hactenus
654 735 814 809 adductis
833 749 943 831 patet,
964 739 1039 832 ipsu
1056 737 1154 836 Pallii
1177 739 1355 810 concessio
1374 739 1410 810 in
1428 739 1530 833 Apo-
1686 749 1687 764 ¹

406 851 564 922 stolicam
580 851 704 922 Sedem
722 851 897 924 exclusive
922 851 1138 934 refunditur.
1159 875 1321 948 quaeque
1345 851 1391 924 de
1413 853 1529 926 Pallio

406 965 571 1036 dicuntur
595 985 671 1036 rem
696 965 962 1048 ecclesiasticam
983 967 1085 1038 unice
1105 979 1276 1062 spectant.

479 1067 559 1152 lure
573 1081 710 1176 optimo
723 1081 864 1152 coniicit
877 1081 1046 1154 Beronius
1064 1081 1223 1178 diploma
1238 1080 1329 1154 illud
1343 1079 1528 1154 elfinctum

406 1197 593 1290 posteriori
611 1217 699 1268 aevo
717 1217 798 1266 cum
815 1197 1094 1270 Ravennatcnses
1113 1197 1376 1292 Archiepiscopi
1396 1195 1529 1292 praefi-

407 1309 500 1382 nitos
513 1309 645 1382 limites
662 1311 832 1382 sustinere
849 1309 1000 1406 amplius
1018 1310 1154 1384 nollent
1172 1333 1213 1384 ac
1229 1313 1397 1384 Romanis
1410 1313 1528 1384 Ponti-

407 1423 533 1498 ficibus
556 1423 779 1498 obsisterent.
807 1428 930 1520 Neque
953 1429 1074 1500 mirari
1103 1423 1273 1500 debemus
1302 1429 1330 1498 si
1357 1427 1528 1522 Agnellus
1686 1409 1687 1438 ³

406 1541 676 1612 Ravennatensis
698 1541 838 1612 sacculo
862 1540 921 1612 lx.
948 1523 1039 1612 hauc
1061 1543 1299 1614 narrationem
1324 1541 1525 1624 admiserit,

295 1713 298 1720 .
316 1713 318 1718 .
406 1655 707 1749 quemadmodum
720 1668 756 1728 et
766 1655 865 1727 Pallii
879 1655 1059 1728 indultum
1072 1679 1092 1728 a
1106 1658 1302 1730 iustiniano
1314 1657 1352 1728 in
1368 1655 1528 1728 favorem

406 1769 622 1852 Maximiani,
635 1769 734 1865 quod
753 1772 837 1842 item
854 1793 897 1842 ex
915 1772 1076 1866 superius
1093 1771 1284 1866 propositis
1300 1771 1524 1846 animadver-

407 1880 567 1955 sionibus
593 1895 629 1956 et
661 1885 869 1978 praesertim
900 1907 944 1956 ex
974 1885 1132 1980 Gregorii
1161 1885 1208 1956 tt.
1242 1884 1401 1980 epistolis
1431 1886 1527 1958 haud

407 1995 524 2070 multo
541 2009 621 2092 post
637 1995 728 2070 datis
745 1997 955 2070 excluditur.
974 1997 1181 2070 Benedictus
1197 1998 1403 2076 bacchinius
1420 2000 1527 2075 Ordi-

407 2114 462 2186 nis
490 2113 526 2184 S.
553 2112 730 2186 Benedicti
762 2114 799 2185 in
823 2113 980 2186 eiusdem
1003 2112 1143 2208 Agnelli
1179 2113 1336 2186 editione
1361 2113 1465 2210 plura
1490 2116 1526 2188 in

406 2229 523 2324 ipsum
539 2227 728 2324 Agnellum
743 2228 830 2300 baec
854 2227 1082 2312 referentem,
1104 2229 1252 2326 eiusque
1269 2227 1448 2302 scribendi
1469 2253 1527 2304 ra-

407 2346 540 2418 tionem
553 2343 777 2440 Apostolicae
791 2341 872 2416 Sedi
892 2343 1046 2416 interdiu
1065 2343 1162 2416 baud
1180 2341 1439 2439 obsequentem
1453 2367 1528 2418 me-

407 2461 478 2532 rito
494 2458 754 2532 animadvertit.
770 2459 898 2532 ldirum
915 2481 1001 2532 vero
1017 2481 1092 2530 esse
1109 2457 1206 2532 baud
1225 2456 1332 2532 debet
1350 2461 1379 2530 si
1392 2460 1429 2530 in
1442 2461 1528 2532 actis

407 2573 630 2647 eruditorum
654 2574 792 2670 Lipsiae
806 2576 890 2646 anni
910 2576 1002 2647 tattt
1015 2595 1097 2670 pag.
1113 2575 1199 2646 330.
1217 2573 1262 2646 ad
1279 2573 1365 2646 aad.
1382 2587 1418 2646 et
1431 2575 1527 2670 apud

407 2689 616 2763 casimirum
636 2687 830 2762 0udinium
855 2687 1156 2785 descriptoribus
1179 2687 1352 2762 Ecclesiae
1376 2689 1529 2784 antiquis

408 2817 435 2875 t.
466 2805 511 2875 ΙΙ.
539 2825 576 2900 p.
609 2805 692 2876 tet.
716 2803 887 2899 Agnellus
904 2802 1163 2902 commendari,
1187 2803 1392 2878 bacchinius
1410 2815 1526 2880 antem

410 2918 624 3016 reprebendi
648 2919 854 2992 meruerint.

820 3181 1044 3253 ARTIGULUS
1071 3187 1110 3250 V.

442 3363 445 3370 ’
518 3405 590 3466 atu
609 3403 732 3466 omaso
754 3419 795 3463 aa
815 3401 918 3465 naua
941 3401 1055 3464 snam
1076 3401 1405 3481 mummolum.

452 3639 456 3648 ·
480 3625 730 3695 Gravissimum
742 3602 865 3694 contra
877 3622 1083 3693 sententiam
1096 3622 1526 3716 propositamaltellarea

409 3751 654 3832 argumentum
671 3739 817 3833 exurgit
832 3761 874 3808 ex
899 3759 944 3808 co
965 3735 1064 3831 quod
1082 3759 1147 3807 nec
1172 3737 1208 3806 in
1234 3734 1397 3807 orientali
1414 3733 1528 3804 encle-

409 3854 459 3924 sia
484 3855 617 3925 mentio
647 3853 750 3926 Pallii
769 3875 833 3947 per
855 3854 1088 3947 Imperatores
1112 3850 1230 3922 traditi
1256 3861 1416 3920 ocurrat:
1444 3859 1528 3919 atta·

408 3989 491 4039 men
516 3989 599 4038 cum
621 3968 719 4040 Pallii
742 3991 825 4039 usus
848 3991 891 4038 ex
916 3965 1097 4038 vetustiori
1123 3978 1234 4037 aetate
1258 3963 1354 4060 apud
1377 3964 1528 4034 Graecos

409 4084 453 4154 sit
477 4095 660 4177 receptus,
687 4081 807 4176 plures
830 4082 1011 4152 Antistitcs
1035 4079 1127 4151 ultra
1152 4079 1303 4152 modum
1327 4075 1527 4172 obsequen·

409 4211 462 4270 tes
485 4199 662 4269 extiterint
690 4219 774 4292 erga
804 4199 1058 4292 imperatores,
1092 4187 1130 4265 lsi
1163 4217 1250 4266 vero
1274 4193 1320 4265 de
1344 4215 1407 4264 sua
1430 4196 1527 4286 inge-

408 4313 518 4387 reuda
534 4314 571 4385 in
590 4335 665 4385 rem
686 4313 959 4386 Ecclesiasticam
980 4322 1152 4406 potestate
1169 4309 1310 4384 solliciti
1327 4307 1526 4382 admodum
