3402 5222
637 431 814 494 ..47-

168 561 380 634 exhibentur
407 572 441 632 et
472 560 617 656 quidem
651 561 824 632 oonstanti
851 581 997 655 prorsus
1026 561 1183 632 rationes
1212 563 1285 633 imo

167 701 250 750 eum
272 679 389 774 operis
409 676 641 756 detrimento.
661 674 856 770 pictoribus
870 676 964 746 enim
979 675 1139 770 displicet
1156 675 1285 747 coloris

166 795 273 864 unius
285 793 447 888 repetitio
460 793 498 862 in
516 791 649 886 duplici
668 792 770 862 unius
785 788 918 886 figurae
931 789 1153 874 indumento,
1171 791 1285 862 multo

166 907 279 1004 magis
303 905 503 984 cumidem
527 906 564 978 in
591 903 752 1000 pluribus
777 901 900 998 liguris
922 899 1135 976 servandum
1160 907 1215 977 sit.
1243 905 1285 976 ld

100 1063 103 1072 .
166 1045 256 1096 vero
279 1020 429 1094 artifices
453 1021 548 1092 haud
576 1019 722 1092 subiisse
748 1019 880 1091 censeri
899 1033 1046 1112 ponunt
1063 1021 1129 1091 nisi
1155 1023 1205 1092 rei
1223 1031 1285 1094 ve*

168 1139 271 1208 ritate
295 1135 428 1220 adacti,
460 1152 503 1206 ex
530 1134 719 1206 traditione
745 1133 790 1205 de
823 1155 948 1204 eorum
974 1134 1154 1218 moribus,
1181 1149 1285 1229 atque

168 1275 212 1325 ex
230 1252 434 1324 Antistitum
453 1250 645 1346 regimine.
669 1251 730 1345 qui
751 1249 800 1320 nil
819 1247 930 1320 ferme
948 1251 1142 1345 antiquitus
1159 1273 1285 1322 eorum

169 1365 316 1439 arbitrio
341 1353 601 1457 relinquebant.

243 1481 386 1552 Constat
410 1481 554 1574 insuper
571 1489 685 1550 vestes
710 1478 781 1550 albi
800 1479 928 1570 eoloris
948 1503 1013 1576 per
1031 1501 1070 1552 en
1096 1491 1281 1575 tempora,

168 1619 257 1668 aevo
282 1587 450 1666 nimirum
475 1593 705 1690 Apostolieo‚
734 1596 887 1668 maximo
913 1599 949 1669 in
982 1621 1049 1669 usu
1080 1596 1184 1666 fuisse
1209 1608 1286 1667 tum

170 1707 266 1804 apud
284 1708 431 1780 ludaeos
457 1721 533 1781 tum
552 1708 647 1803 apud
664 1711 862 1793 Romanos,
882 1723 918 1783 et
935 1711 1054 1806 quoad
1078 1711 1143 1782 hos
1160 1704 1285 1781 sedulo

170 1823 217 1896 ab
235 1823 325 1895 albis
341 1837 422 1895 sunt
439 1823 707 1919 distinguendae
723 1837 837 1897 vestes
862 1802 1061 1908 'candidam
1083 1849 1164 1898 cum
1186 1825 1287 1896 lanae

170 1963 235 2036 per
252 1939 406 2016 fullones
429 1951 523 2012 oreta
541 1938 754 2023 adderetur,
774 1963 935 2036 quaeque
951 1940 1182 2016 nonullorum
1209 1953 1286 2012 tan-

172 2069 248 2126 tum
282 2067 383 2126 erant
408 2057 600 2149 propriae,
632 2078 756 2127 eorum
781 2056 946 2129 videlicet
969 2059 1031 2152 qui
1067 2059 1288 2152 magistratus

172 2169 340 2266 petebant
357 2183 394 2241 et
413 2170 602 2244 Candidati
623 2169 845 2246 dicebantur.
963 2259 966 2268 .

241 2284 316 2355 Tali
344 2285 489 2380 insuper
516 2285 638 2356 colore
668 2287 820 2356 maxime
850 2307 990 2356 morum
1015 2285 1220 2380 simplicitas
1248 2307 1288 2358 ae

171 2399 263 2470 ritae
286 2399 506 2481 innocentia,
533 2401 758 2494 exprimitur:
784 2401 963 2494 aptissima
988 2401 1074 2470 item
1101 2398 1216 2470 forma
1242 2397 1289 2469 ad
1369 2400 1371 2406 '
1484 2431 1486 2438 1
1544 2379 1547 2388 ’

172 2513 339 2586 laetitiam
362 2525 398 2584 et
419 2514 676 2586 solemnitatem
699 2513 972 2609 designandam
1000 2527 1103 2610 atque
1123 2527 1161 2586 ut
1183 2516 1290 2586 omit·

172 2641 245 2700 tarn
262 2631 519 2724 superstitionis
535 2630 757 2702 ethnicorum
780 2629 979 2714 ministros,
1000 2631 1036 2701 in
1063 2631 1190 2701 veteris
1214 2628 1288 2701 foe·

173 2743 269 2815 deris
292 2745 390 2818 eultu
419 2743 521 2816 albus
546 2746 630 2815 item
654 2744 755 2815 color
772 2742 960 2827 eminebat.
988 2743 1044 2816 Nil
1066 2745 1199 2814 mirum
1224 2745 1290 2815 ita·

174 2881 244 2953 que
259 2860 289 2930 si
302 2859 397 2932 hunc
410 2861 617 2954 praesertim
634 2859 795 2955 Apostoli
808 2858 993 2954 selegerint
1006 2859 1062 2932 vel
1078 2862 1114 2932 in
1128 2861 1290 2932 universa

173 2973 343 3050 induendi
361 2973 517 3050 rationes
537 2977 744 3071 praesertim
761 2997 848 3047 vero
866 2975 912 3046 ad
930 2999 1026 3048 saera
1044 2975 1256 3071 peragenda.

247 3092 504 3185 Argumentum
528 3091 633 3162 etiam
664 3113 705 3162 ea
733 3089 780 3161 de
811 3113 850 3161 re
877 3075 1031 3162 ³hahetur
1052 3092 1090 3161 in
1116 3089 1205 3161 albis
1233 3091 1297 3161 in·

175 3205 370 3288 dumentis,
390 3227 481 3300 quae
505 3207 542 3276 ln
559 3207 719 3276 omnium
735 3205 997 3278 solemnitatum
1026 3206 1197 3286 maxima,
1224 3206 1288 3276 ra-

175 3321 293 3392 schate
310 3321 486 3403 videlicet,
497 3301 696 3392 servantum
716 3323 801 3392 item
814 3321 851 3390 in
865 3319 978 3391 Natali
990 3319 1116 3390 Christi
1131 3319 1285 3402 Domini,

175 3435 213 3506 in
241 3435 466 3507 Dedicetione
497 3433 752 3517 scelestarum,
785 3447 821 3506 et
854 3435 953 3530 quod
981 3436 1201 3530 potissimum
1235 3445 1288 3504 at-

176 3550 415 3632 tendendum,
447 3571 515 3644 pro
546 3551 618 3624 RR.
655 3548 877 3622 Pontificum·
900 3561 1005 3644 atque
1033 3551 1287 3644 Episcoporum

179 3665 401 3737 ordinatione
414 3665 536 3736 saltem
549 3663 668 3761 quoad
682 3667 798 3760 ipsum
815 3647 1073 3752 ordinandum,
1101 3665 1151 3734 uti
1177 3665 1213 3734 in
1226 3687 1290 3735 an-

178 3779 379 3852 niversariis
400 3779 526 3849 harum
553 3778 827 3850 solemnitatum.
847 3778 1008 3850 Proiecto
1032 3778 1204 3850 recentius
1227 3801 1290 3872 pe·

178 3891 369 3964 ouliaribus
392 3893 566 3964 decausis
589 3894 646 3964 alii
664 3893 803 3968 colores
821 3894 948 3965 invecti
975 3905 1070 3974 sunt,
1090 3875 1290 3988 antiquissi-

177 4031 259 4079 mus
284 4007 386 4079 albus
406 4009 566 4080 videturr
586 4031 697 4102 eaque
722 4010 949 4080 consonantia
976 4007 1104 4079 eoloris
1133 4021 1290 4080 veterum

180 4123 467 4198 indumentorum
488 4147 568 4195 cum
589 4124 704 4219 palliis
729 4124 982 4218 Apostolorum
999 4125 1036 4195 in
1054 4147 1178 4196 eorum
1198 4125 1293 4195 ima·
1376 4115 1379 4120 ’

183 4237 325 4332 ginibus
348 4251 382 4310 et
407 4263 488 4340 eum
507 4263 537 4310 s.
563 4240 692 4322 Pallio,
713 4239 817 4311 huius
838 4241 1008 4334 originem
1027 4241 1293 4334 ex‘Apostolica

181 4355 218 4429 iu
243 4356 348 4429 sacris
374 4357 581 4455 praesertim
605 4355 776 4430 induendi
801 4357 937 4430 ratione
961 4355 1109 4432 mirifice
1134 4355 1264 4430 firmat.
1374 4423 1375 4430 ,
