3402 5222
656 381 835 442 ...41-

562 596 830 660 ARTICULUS
861 594 919 658 111.

598 795 649 854 Ee
657 798 730 854 notis
738 795 878 854 Materni.

259 971 465 1045 Confirmari
478 975 573 1046 idem
583 989 697 1070 potest
710 1000 751 1046 ex
763 977 805 1046 iis
818 998 909 1069 quae
921 975 1006 1046 Acta
1017 976 1162 1046 Materni
1172 985 1203 1044 et
1219 975 1297 1044 Ru-

185 1101 307 1182 pertus
333 1087 653 1159 Abbas‘Tuitiensis
679 1087 810 1160 habent
833 1091 871 1158 Τ.
899 1091 930 1158 l.
952 1087 997 1158 de
1015 1089 1148 1158 Divinis
1174 1085 1300 1158 officiis

184 1224 262 1296 cap.
272 1205 332 1272 27.
344 1203 511 1273 nimirum
529 1205 754 1273 «Maternum
768 1225 785 1272 a
800 1204 834 1273 S.
851 1204 953 1274 Petro
967 1203 1110 1272 missum
1123 1203 1300 1272 Treverirn

131 1355 136 1363 ·
188 1345 205 1384 u
221 1317 469 1390 haereditatem
485 1317 580 1390 Pallii
601 1321 673 1388 suis
686 1317 942 1389 successoribus
956 1316 1149 1412 reliquisse.
1161 1317 1299 1386 »Porro

183 1434 239 1504 ius
262 1432 421 1528 gestandi
445 1433 543 1504 Pallii
572 1435 608 1503 in
635 1435 815 1528 Episcopis
831 1430 1093 1504 Trevirensibus
1112 1431 1299 1503 deducitur

184 1571 228 1619 ex
251 1551 410 1621 Materno
434 1547 529 1620 illius
554 1548 723 1619 Ecclesiae
750 1548 958 1630 fundatore,
982 1561 1085 1642 atque
1104 1571 1143 1618 ea
1163 1549 1298 1619 ratione

183 1677 223 1734 ut
239 1667 416 1736 Maternus
440 1665 621 1758 reliquerit
646 1663 904 1734 successoribus
929 1661 1191 1732 haereditatem
1213 1663 1299 1732 Pal-

184 1779 240 1850 lii:
271 1779 431 1875 profecto
460 1782 487 1850 si
517 1779 603 1850 haec
629 1777 735 1850 verba
761 1779 889 1850 deinde
914 1779 959 1850 ad
984 1781 1039 1850 ius
1064 1779 1213 1850 Pallium
1244 1781 1299 1848 in-

183 1894 315 1966 duendi
342 1895 583 1966 denotandum
612 1895 771 1966 traducta
790 1895 933 1976 luerint,
951 1917 1014 1989 per
1033 1917 1070 1963 se
1095 1907 1130 1964 et
1155 1895 1300 1990 proprie

183 2010 336 2096 indicant
361 2012 475 2104 ipsum
503 2009 650 2105 pallium
668 2013 705 2080 in
726 1995 975 2080 haereditatem
993 2012 1151 2080 Materno
1169 2021 1203 2080 et
1222 2031 1296 2078 sur.-

183 2125 378 2197 cessoribus
403 2125 577 2197 relictum.
600 2128 633 2195 Si
655 2149 740 2197 vero
758 2126 795 2196 id
815 2125 935 2196 iecisse
953 2125 1105 2196 refertur
1123 2127 1300 2195 Maternus

181 2263 249 2335 pro
267 2242 338 2312 suis
355 2239 636 2323 Trevirensibus‚
666 2254 803 2336 accepta
832 2242 1002 2310 missione·
1017 2251 1052 2308 et
1078 2251 1250 2334 potestate
1277 2261 1295 2308 a

181 2357 216 2424 S.
234 2357 350 2438 Petro,
367 2354 527 2449 profecto
537 2357 667 2450 potiori
682 2357 758 2426 iure
777 2357 933 2448 agnitum
949 2354 985 2424 id
1001 2352 1047 2422 de
1060 2355 1163 2422 Petro
1174 2353 1298 2422 existi-

180 2469 348 2542 mandum
372 2483 425 2542 est
450 2493 517 2566 pro
541 2472 707 2542 Romanis
725 2469 972 2549 Pontificibus,
991 2472 1052 2563 qui
1072 2467 1297 2539 omnimodae
1351 2515 1355 2528 ,

181 2586 255 2656 eius
273 2588 455 2681 potestatis
473 2585 641 2657 haeredes
658 2597 778 2657 erant:
799 2607 950 2680 cumque
964 2587 999 2654 iu
1015 2583 1127 2655 Pallio
1139 2583 1202 2653 illo
1215 2583 1299 2654 hae·

118 2779 121 2788 ,
181 2701 346 2773 reditario
366 2703 574 2784 Trevirensi‚
595 2703 740 2773 Materni
759 2701 919 2797 pallium,
934 2699 1031 2795 quod
1046 2714 1160 2772 tamen
1184 2701 1298 2795 typice

179 2817 216 2885 in
231 2816 320 2888 Petri
340 2818 447 2912 ipsius
461 2817 607 2912 pallium
623 2817 828 2896 resolvitur,
844 2818 887 2886 sit
901 2815 1182 2910 agnoscendum:
1204 2828 1298 2912 patet

179 2931 288 3024 ipsius
306 2932 396 3002 Petri
416 2931 562 3026 pallium
586 2931 733 3024 intelligi
753 2933 849 3001 eoin
869 2931 998 3012 Pallio,
1019 2931 1117 3026 quod
1135 2929 1297 3002 haeredi-

180 3047 270 3116 tario
287 3047 371 3116 item
389 3048 465 3117 iore
483 3048 590 3116 Linus
608 3046 735 3141 aliique
759 3045 886 3116 deinde
910 3045 1093 3117 Pontifices
1122 3067 1296 3117 assumere

179 3176 447 3233 consueverunt.

490 3393 494 3400 '
579 3389 802 3454 AR'MCULUS
826 3390 881 3452 lv.

224 3588 336 3648 Remu
344 3605 383 3648 ero
391 3592 429 3648 tir
442 3606 517 3666 quoe
526 3593 605 3650 eirea
618 3590 751 3652 Publium
763 3589 962 3669 apostolieum
973 3593 1072 3659 lauru
1088 3588 1246 3648 labentur.

520 3803 542 3867 §.
566 3807 589 3855 t.
612 3799 654 3855 Ad
674 3801 785 3856 Petrum
806 3797 935 3857 refertur.

250 3981 343 4050 Haec
374 3993 490 4052 autem
520 3982 631 4051 maius
662 3995 756 4053 certe
782 3980 893 4053 robur
919 3985 1100 4074 acquirere
1131 3982 1296 4053 videntur

176 4117 218 4162 ex
236 4093 304 4165 alia
321 4107 607 4186 argumentorum
634 4098 744 4176 serie,
774 4097 868 4167 unde
894 4109 1030 4168 constat
1049 4121 1187 4169 sacrum
1202 4099 1296 4169 istud

180 4208 326 4280 Pallium
344 4211 528 4306 multiplici
547 4211 692 4305 quidem
719 4213 855 4284 ratione
880 4213 924 4284 ad
947 4215 1087 4285 Petrum
1105 4217 1222 4310 ipsum
1235 4215 1298 4285 di-

184 4337 276 4396 serte
295 4325 430 4397 referri.
452 4327 641 4400 Enimvero
660 4325 745 4400 haec
762 4328 861 4401 Pallii
880 4329 1004 4402 relatio
1028 4329 1073 4401 ad
1094 4332 1233 4402 Petrum
1261 4333 1297 4401 in
