3402 5222
241 1299 380 1472 Cum
404 1382 577 1492 Auspice
600 1379 719 1464 Ssno
737 1385 788 1463 D.
816 1383 866 1462 N.
893 1383 964 1464 Pto
983 1383 1058 1462 PP.
1090 1382 1161 1462 IX.
1183 1381 1352 1510 Iacobus

238 1515 384 1623 Keogh
398 1515 707 1626 Pittrburgcnsis
718 1517 883 1626 Collegii
897 1515 1052 1596 Urbani
1070 1515 1267 1598 Alumnus
1280 1544 1353 1624 pu-

239 1647 382 1730 blicam
400 1647 452 1730 de
469 1676 580 1732 sacra
593 1648 812 1758 Theologia
830 1666 870 1730 et
894 1641 1066 1730 Historia
1085 1647 1353 1728 Ecclesiastica

160 1767 161 1772 Ν
237 1779 549 1892 disputationem
562 1765 627 1864 die
646 1809 707 1892 ¹9·
723 1781 957 1884 Novembris
971 1782 1065 1862 anni
1080 1808 1211 1890 nuper
1228 1781 1352 1890 elapsi

237 1914 380 2012 iniret,
409 1942 531 2024 quam
558 1913 723 2024 quidem
743 1913 885 1996 ssmus
911 1915 1026 1996 Pater
1049 1915 1159 1994 horis
1180 1915 1352 2022 pomeri·

237 2044 367 2130 dianis
383 2045 462 2140 Sua
479 2047 704 2160 praesentia
722 2046 945 2147 decoravit,
967 2063 1087 2155 atque
1114 2047 1262 2156 ingenii
1280 2046 1354 2128 do-

237 2180 470 2290 ctrinaeque
486 2182 686 2292 specimen
704 2179 756 2262 ab
774 2182 919 2262 iuvene
941 2179 1114 2290 optimae
1134 2180 1221 2288 spei
1238 2182 1351 2270 exhi-

237 2312 367 2396 bitum
393 2313 683 2424 benignissimis
705 2311 834 2395 modis
851 2313 1059 2422 probarit3
1091 2314 1195 2394 inter
1221 2313 1351 2394 theses

235 2444 441 2528 historicas
467 2445 518 2528 de
536 2447 725 2528 Romanis
751 2445 1013 2528 Pontificibus
1040 2473 1259 2554 eorumque
1285 2473 1350 2526 au·

203 2649 206 2652 .
234 2577 442 2674 ctoritate,
471 2579 758 2689 huncquoque
781 2577 999 2660 tradebam.
1082 2679 1084 2684 ι

317 2711 580 2822 «Apostolici
613 2712 724 2793 Pallii
754 2714 866 2795 notio
898 2729 1080 2794 accurata
1114 2711 1273 2794 videtur
1303 2731 1350 2792 ut

239 2823 360 2952 »per
375 2843 475 2926 illud
508 2835 554 2926 Β.
585 2845 692 2926 Petri
723 2845 887 2954 pallium'
914 2872 985 2926 seu
1015 2847 1198 2954 superior
1230 2847 1349 2926 vestis

239 2975 540 3078 »exhibeatun
567 3005 697 3090 eoque
727 2978 936 3058 Pontifices
963 2979 1087 3086 ipsius
1113 2979 1234 3058 veluti
1257 3006 1348 3087 per-

238 3141 258 3182 »
279 3135 417 3190 sonam
439 3107 634 3208 referant,
655 3111 821 3219 aliisque
840 3111 1089 3220 praesulibus
1106 3109 1347 3206 concedatur

238 3275 258 3316 a
279 3260 326 3322 ut
345 3244 588 3327 auctoritatis
606 3241 700 3324 inde
722 3242 961 3324 dimanantis
979 3245 1134 3350 signum
1161 3243 1343 3324 existat.»

313 3377 440 3457 Porro
461 3403 552 3490 curn
572 3373 795 3458 indumenti
815 3355 935 3456 huius
957 3377 1069 3484 origo
1091 3373 1239 3455 incerta
1265 3403 1346 3454 me·

233 3534 329 3590 nere
352 3491 579 3610 videretur;
598 3527 638 3593 et
655 3510 826 3604 melioris
848 3535 1010 3619 quoque
1033 3508 1342 3616 notaelscripto-

233 3668 316 3738 res,
342 3643 487 3726 reiecta
518 3641 568 3724 ad
595 3669 793 3724 summum
824 3668 870 3722 ea
901 3641 1095 3758 sententia
1124 3669 1227 3748 quae
1257 3641 1345 3721 Pal·
1467 3723 1470 3731 ¹

233 3774 331 3856 lium
357 3802 407 3856 ex
436 3767 635 3885 Imperiali
659 3774 862 3886 repetebat
889 3773 1069 3874 indulto,
1084 3775 1167 3854 ‘vix
1193 3773 1344 3882 aliqpid

233 3906 438 3990 adversm
462 3907 741 4024 adstruendam
768 3909 959 4016 originem
988 3906 1241 4016 proferrent3
1271 3935 1343 4015 op-

233 4057 453 4148 portunum
472 4043 608 4124 censui
630 4042 918 4123 nonnullorum
937 4040 1077 4136 studiis
1094 4041 1343 4149 acquiescere

233 4190 287 4254 ut
302 4201 348 4256 ea
375 4175 604 4260 exhiberem
624 4202 728 4284 quae
757 4175 1002 4283 propositam
1019 4174 1305 4294 suggerebant.¹
