3402 5222
846 407 890 420 ..
914 373 957 438 23
979 407 1024 424 .-

371 517 511 578 ventam
540 527 580 576 ac
617 523 721 598 super
747 502 915 576 humeros
943 503 988 574 ad
1017 502 1110 574 ovile
1140 505 1307 596 gestantis
1330 502 1491 577 officium

252 679 257 687 .
321 627 323 632 '
372 619 543 714 designet.

445 734 531 803 item
557 755 600 802 ex
620 732 818 803 innocui.
836 731 873 800 in
892 731 978 804 'lana
1004 733 1184 827 asperitas,
1201 735 1236 803 iu
1252 733 1406 804 candore
1430 733 1492 805 be-

372 847 521 940 nignitas
534 845 779 940 designantur,
798 845 935 939 quaein
950 848 1086 941 optimo
1103 847 1266 918 Praesule
1287 861 1492 943 opportune

372 962 508 1032 misoeri
527 984 568 1033 ac
593 961 781 1056 temperari
803 959 947 1032 debent.

445 1075 615 1172 Gregorio
641 1077 688 1146 Μ.
720 1077 757 1145 in
780 1073 897 1146 viliori
922 1057 1077 1147 materia¹
1096 1097 1165 1170 qua
1182 1075 1330 1148 Pallium
1359 1077 1493 1148 conda-

372 1201 430 1262 tur
455 1190 551 1260 venit
574 1188 780 1272 humilitas,
805 1212 875 1283 qua
905 1189 1106 1262 Praesulem
1137 1191 1310 1263 excellere
1332 1206 1487 1287 oportet.

447 1307 511 1376 Per
532 1304 682 1376 formam
699 1303 819 1376 circuli
838 1305 933 1376 iuxta
949 1306 1190 1378 innocentium
1207 1308 1267 1377 ΙΙΙ.
1289 1307 1494 1402 designatur

376 1437 517 1514 torques
526 1441 653 1497 aurea,
667 1441 779 1514 quam
789 1418 948 1516 legitime
961 1437 1138 1492 certantes
1151 1421 1391 1518 accipiebant.
1402 1423 1494 1493 Con-

372 1536 494 1628 stringi
519 1535 688 1616 humeris,
704 1531 834 1604 indicat
849 1535 1012 1607 timorem
1025 1537 1167 1606 Domini
1182 1557 1247 1632 per
1263 1560 1371 1630 quem
1384 1560 1495 1632 opera

372 1661 579 1720 coercentur
604 1648 727 1720 nevel
758 1647 802 1718 ad
828 1647 950 1720 illicita
981 1648 1131 1721 dissuaut
1154 1650 1209 1721 vel
1236 1651 1281 1722 ad
1315 1651 1493 1746 superflua

372 1761 590 1835 relaxentur:
613 1763 650 1832 in
669 1761 757 1834 duas
781 1761 890 1834 veluti
911 1775 1027 1860 partes
1047 1763 1227 1836 dexteram
1254 1779 1289 1836 et
1319 1767 1495 1838 sinistram

373 1880 543 1974 spectari,
563 1880 646 1972 quia
670 1877 811 1950 Praesul
839 1877 922 1950 forti
946 1880 1063 1951 animo
1088 1878 1194 1951 debet
1215 1877 1306 1952 vitae
1329 1903 1495 1976 praesen-

373 1997 417 2065 tis
442 1993 620 2066 molestias
645 1992 821 2089 perferre,
849 2005 925 2066 toto
951 1993 1077 2066 affectu
1104 1993 1148 2066 ad
1173 1993 1311 2066 futurae
1336 1997 1495 2090 quietem

374 2109 541 2205 aspirare.
592 2155 596 2162 -

445 2225 613 2296 Fasciaea
625 2236 768 2320 pectore
778 2245 819 2294 ac
833 2235 928 2295 retro
942 2223 1137 2318 medentes
1147 2247 1190 2295 ex
1203 2225 1364 2297 Honorio
1373 2227 1494 2320 Augu-

374 2338 578 2410 stodunensi
593 2339 630 2406 in
648 2359 793 2433 gemma
812 2336 960 2408 animoa
973 2340 1134 2433 aperiunt
1147 2339 1331 2432 quomodo
1343 2341 1495 2410 Antiates

373 2454 410 2523 in
424 2466 572 2544 utraque
586 2450 662 2545 lege
678 2450 780 2545 plene
797 2452 986 2523 instructus
995 2475 1069 2524 esse
1078 2451 1197 2524 debet:
1212 2453 1307 2524 iuxta
1318 2454 1491 2526 Innocen-

374 2568 463 2637 tium
477 2569 535 2636 ΙΙΙ.
554 2568 685 2637 activae
698 2578 733 2636 et
746 2565 1038 2660 contemplativae
1050 2569 1141 2640 vitae
1153 2589 1283 2638 nexum
1296 2566 1492 2662 designant.

447 2681 592 2761 Cruces,
619 2679 718 2774 quod
734 2682 933 2773 passionem
957 2681 1097 2752 Domini
1120 2679 1283 2753 meditari
1301 2693 1406 2776 atque
1424 2684 1497 2754 imi·

376 2794 442 2864 tari
460 2795 613 2864 Antistes
635 2795 822 2887 praecipue
840 2792 983 2866 debeat:
1006 2817 1070 2866 nec
1088 2818 1192 2867 sensu
1213 2809 1306 2867 caret
1327 2781 1495 2868 numerus

374 2931 448 3002 quo
473 2909 569 3003 ipsae
582 2909 709 2980 Cruces
734 2910 922 2991 iterantur,
947 2909 1003 2980 vel
1021 2907 1191 2993 adcolae,
1206 2908 1495 3004 quibusPallium

376 3021 545 3118 affigitur.

459 3139 552 3208 Licet
594 3138 747 3232 mysticis
781 3135 1095 3232 significationibus
1123 3137 1272 3210 Pallium
1306 3151 1485 3233 praestet,

375 3265 480 3347 atque
516 3251 661 3322 eaedem
692 3253 847 3323 maximo
879 3250 1040 3323 incultu
1068 3249 1190 3350 haberi
1216 3251 1386 3334 debcant,
1414 3275 1494 3325 cum

376 3368 580 3461 praesertim
609 3366 865 3438 Benedictionis
887 3367 924 3436 in
951 3364 1115 3462 precibus
1145 3367 1290 3437 eaedem
1316 3387 1495 3438 commen-

376 3480 517 3564 dentur,
544 3493 648 3575 atque
666 3482 702 3552 in
717 3479 865 3554 decretis
891 3503 931 3552 ac
957 3480 1083 3552 litteris
1104 3481 1329 3552 Summorum
1354 3479 1495 3552 Pontifi-

376 3617 457 3666 cum
479 3593 682 3676 firmentor;
704 3606 856 3666 attamen
870 3594 967 3666 haud
985 3594 1128 3667 videtur
1139 3594 1238 3666 Pallii
1249 3595 1351 3686 origo
1362 3618 1424 3666 seu
1441 3596 1496 3666 in-

370 3710 509 3784 stitutio
520 3731 561 3780 ex
571 3709 642 3779 illis
655 3729 730 3780 esse
743 3707 1119 3804 repetendaProiecto
1131 3711 1168 3778 in
1178 3707 1378 3780 huiusmodi
1390 3706 1496 3780 rebus

376 3825 465 3894 ratio
483 3824 599 3918 aliqua
618 3823 781 3895 historica
804 3826 938 3895 anteire
967 3822 1083 3905 solet,
1104 3825 1160 3896 cui
1177 3823 1305 3895 deinde
1329 3824 1496 3918 mysticae

375 3937 645 4031 significationes
683 3941 903 4010 accesserint.
945 3938 986 4009 ld
1016 3939 1121 4010 etiam
1152 3937 1318 4010 suadetur
1344 3962 1425 4009 cum
1450 3936 1494 4010 ab

376 4054 565 4146 antiquiori
596 4065 707 4124 aetate
742 4053 890 4124 Pallium
923 4054 959 4123 in
994 4053 1138 4145 Oriente
1173 4067 1277 4148 atque
1298 4051 1497 4125 *Occidente

270 4245 272 4250 ,
376 4169 413 4237 in
438 4191 503 4238 usu
524 4167 643 4250 fuerit,
658 4168 744 4262 quin
770 4169 997 4240 institutionis
1021 4169 1160 4238 initium
1183 4167 1396 4262 proferatur:
1420 4190 1495 4238 ma·

376 4283 468 4354 xima
502 4284 646 4377 insuper
682 4285 718 4353 iu
765 4285 867 4377 ipsis.
893 4283 1048 4376 mysticis
1088 4280 1246 4354 sensibus
1281 4281 1496 4376 assignandis
