<?xml version="1.0" encoding="UTF-8"?>
<!DOCTYPE html PUBLIC "-//W3C//DTD XHTML 1.0 Transitional//EN"
    "http://www.w3.org/TR/xhtml1/DTD/xhtml1-transitional.dtd">
<html xmlns="http://www.w3.org/1999/xhtml" xml:lang="en" lang="en">
 <head>
  <title>
</title>
<meta http-equiv="Content-Type" content="text/html;charset=utf-8" />
  <meta name='ocr-system' content='tesseract 3.04.00' />
  <meta name='ocr-capabilities' content='ocr_page ocr_carea ocr_par ocr_line ocrx_word'/>
</head>
<body>
  <div class='ocr_page' id='page_1' title='image "./desacripalliior00vespgoog_0026.png"; bbox 0 0 3402 5222; ppageno 0'>
   <div class='ocr_carea' id='block_1_1' title="bbox 656 367 813 430">
    <p class='ocr_par' dir='ltr' id='par_1_1' title="bbox 656 367 813 430">
     <span class='ocr_line' id='line_1_1' title="bbox 656 367 813 430; baseline 0.006 -14"><span class='ocrx_word' id='word_1_1' title='bbox 656 367 813 430; x_wconf 81' lang='grc'>...9.-</span> 
     </span>
    </p>
   </div>
   <div class='ocr_carea' id='block_1_2' title="bbox 602 523 855 644">
    <p class='ocr_par' dir='ltr' id='par_1_2' title="bbox 602 523 855 644">
     <span class='ocr_line' id='line_1_2' title="bbox 602 523 855 644; baseline -0.02 -6"><span class='ocrx_word' id='word_1_2' title='bbox 602 523 777 638; x_wconf 74' lang='lat' dir='ltr'>cneus</span> <span class='ocrx_word' id='word_1_3' title='bbox 805 557 855 644; x_wconf 90' lang='lat'>11.</span> 
     </span>
    </p>
   </div>
   <div class='ocr_carea' id='block_1_3' title="bbox 438 761 1022 820">
    <p class='ocr_par' dir='ltr' id='par_1_3' title="bbox 438 761 1022 820">
     <span class='ocr_line' id='line_1_3' title="bbox 438 761 1022 820; baseline 0.005 -11"><span class='ocrx_word' id='word_1_4' title='bbox 438 761 479 810; x_wconf 82' lang='lat' dir='ltr'>DE</span> <span class='ocrx_word' id='word_1_5' title='bbox 496 761 599 812; x_wconf 73' lang='lat' dir='ltr'>debll</span> <span class='ocrx_word' id='word_1_6' title='bbox 615 761 678 812; x_wconf 83' lang='lat' dir='ltr'>USU</span> <span class='ocrx_word' id='word_1_7' title='bbox 694 763 803 820; x_wconf 78' lang='lat' dir='ltr'>Quoau</span> <span class='ocrx_word' id='word_1_8' title='bbox 820 763 1022 813; x_wconf 76' lang='lat' dir='ltr'>ottttttt&#39;rtuus.</span> 
     </span>
    </p>
   </div>
   <div class='ocr_carea' id='block_1_4' title="bbox 160 1081 1170 1334">
    <p class='ocr_par' dir='ltr' id='par_1_4' title="bbox 160 1081 1170 1334">
     <span class='ocr_line' id='line_1_4' title="bbox 601 1081 874 1176; baseline 0 -30"><span class='ocrx_word' id='word_1_9' title='bbox 601 1081 825 1176; x_wconf 73' lang='lat' dir='ltr'>narramus</span> <span class='ocrx_word' id='word_1_10' title='bbox 847 1083 874 1146; x_wconf 93' lang='lat'>1.</span> 
     </span>
     <span class='ocr_line' id='line_1_5' title="bbox 160 1225 1170 1334; baseline 0.003 -19"><span class='ocrx_word' id='word_1_11' title='bbox 160 1225 163 1232; x_wconf 78' lang='grc'><strong>’</strong></span> <span class='ocrx_word' id='word_1_12' title='bbox 294 1251 401 1318; x_wconf 72' lang='lat' dir='ltr'>cece</span> <span class='ocrx_word' id='word_1_13' title='bbox 422 1253 535 1332; x_wconf 69' lang='lat' dir='ltr'>arasque</span> <span class='ocrx_word' id='word_1_14' title='bbox 559 1252 727 1315; x_wconf 62' lang='lat' dir='ltr'>caeleate</span> <span class='ocrx_word' id='word_1_15' title='bbox 749 1253 885 1316; x_wconf 72' lang='lat' dir='ltr'>aarum</span> <span class='ocrx_word' id='word_1_16' title='bbox 908 1254 1032 1334; x_wconf 57' lang='lat' dir='ltr'>aanor</span> <span class='ocrx_word' id='word_1_17' title='bbox 1052 1255 1170 1318; x_wconf 69' lang='lat' dir='ltr'>nom.</span> 
     </span>
    </p>
   </div>
   <div class='ocr_carea' id='block_1_5' title="bbox 155 1417 1290 4396">
    <p class='ocr_par' dir='ltr' id='par_1_5' title="bbox 155 1417 1290 4396">
     <span class='ocr_line' id='line_1_6' title="bbox 210 1417 1289 1515; baseline 0.006 -27"><span class='ocrx_word' id='word_1_18' title='bbox 210 1455 215 1462; x_wconf 26' lang='grc' dir='ltr'><strong>Δ</strong></span> <span class='ocrx_word' id='word_1_19' title='bbox 247 1417 303 1488; x_wconf 83' lang='lat' dir='ltr'>Ad</span> <span class='ocrx_word' id='word_1_20' title='bbox 326 1419 476 1489; x_wconf 86' lang='lat' dir='ltr'>Graecos</span> <span class='ocrx_word' id='word_1_21' title='bbox 500 1417 597 1512; x_wconf 92' lang='lat' dir='ltr'>quod</span> <span class='ocrx_word' id='word_1_22' title='bbox 623 1420 791 1512; x_wconf 83' lang='lat' dir='ltr'>pertinet,</span> <span class='ocrx_word' id='word_1_23' title='bbox 825 1440 963 1491; x_wconf 89' lang='lat' dir='ltr'>sacrum</span> <span class='ocrx_word' id='word_1_24' title='bbox 988 1420 1129 1514; x_wconf 91' lang='lat' dir='ltr'>dequo</span> <span class='ocrx_word' id='word_1_25' title='bbox 1154 1423 1289 1515; x_wconf 79' lang='lat' dir='ltr'>agimus</span> 
     </span>
     <span class='ocr_line' id='line_1_7' title="bbox 174 1520 1287 1642; baseline 0.009 -41"><span class='ocrx_word' id='word_1_26' title='bbox 174 1530 421 1602; x_wconf 89' lang='lat' dir='ltr'>indumentum</span> <span class='ocrx_word' id='word_1_27' title='bbox 450 1554 514 1626; x_wconf 89' lang='lat' dir='ltr'>per</span> <span class='ocrx_word' id='word_1_28' title='bbox 543 1553 666 1604; x_wconf 88' lang='lat' dir='ltr'>vocem</span> <span class='ocrx_word' id='word_1_29' title='bbox 690 1520 872 1642; x_wconf 71' lang='lat' dir='ltr'>dpcudpcv</span> <span class='ocrx_word' id='word_1_30' title='bbox 897 1535 1100 1630; x_wconf 87' lang='lat' dir='ltr'>pracsertim</span> <span class='ocrx_word' id='word_1_31' title='bbox 1126 1536 1287 1632; x_wconf 83' lang='lat' dir='ltr'>indigita-</span> 
     </span>
     <span class='ocr_line' id='line_1_8' title="bbox 174 1625 1288 1745; baseline 0.009 -29"><span class='ocrx_word' id='word_1_32' title='bbox 174 1659 245 1717; x_wconf 90' lang='lat' dir='ltr'>tur.</span> <span class='ocrx_word' id='word_1_33' title='bbox 271 1649 382 1718; x_wconf 84' lang='lat' dir='ltr'>Porro</span> <span class='ocrx_word' id='word_1_34' title='bbox 407 1670 525 1718; x_wconf 87' lang='lat' dir='ltr'>rerum</span> <span class='ocrx_word' id='word_1_35' title='bbox 549 1625 752 1742; x_wconf 80' lang='lat' dir='ltr'>graecarbm</span> <span class='ocrx_word' id='word_1_36' title='bbox 772 1651 874 1744; x_wconf 90' lang='lat' dir='ltr'>periti</span> <span class='ocrx_word' id='word_1_37' title='bbox 893 1663 969 1721; x_wconf 91' lang='lat' dir='ltr'>tom</span> <span class='ocrx_word' id='word_1_38' title='bbox 986 1653 1193 1745; x_wconf 81' lang='lat' dir='ltr'>antiquioris</span> <span class='ocrx_word' id='word_1_39' title='bbox 1211 1666 1288 1725; x_wconf 90' lang='lat' dir='ltr'>tum</span> 
     </span>
     <span class='ocr_line' id='line_1_9' title="bbox 174 1761 1289 1861; baseline 0.007 -28"><span class='ocrx_word' id='word_1_40' title='bbox 174 1763 376 1834; x_wconf 76' lang='lat' dir='ltr'>recentioris</span> <span class='ocrx_word' id='word_1_41' title='bbox 400 1763 520 1832; x_wconf 88' lang='lat' dir='ltr'>aetatis</span> <span class='ocrx_word' id='word_1_42' title='bbox 543 1761 755 1835; x_wconf 85' lang='lat' dir='ltr'>vocabulum</span> <span class='ocrx_word' id='word_1_43' title='bbox 779 1763 868 1835; x_wconf 90' lang='lat' dir='ltr'>illud</span> <span class='ocrx_word' id='word_1_44' title='bbox 889 1767 1016 1861; x_wconf 85' lang='lat' dir='ltr'>iugiter</span> <span class='ocrx_word' id='word_1_45' title='bbox 1041 1779 1178 1840; x_wconf 89' lang='lat' dir='ltr'>vertere</span> <span class='ocrx_word' id='word_1_46' title='bbox 1202 1791 1289 1840; x_wconf 91' lang='lat' dir='ltr'>con-</span> 
     </span>
     <span class='ocr_line' id='line_1_10' title="bbox 174 1876 1288 1975; baseline 0.006 -27"><span class='ocrx_word' id='word_1_47' title='bbox 174 1891 363 1950; x_wconf 88' lang='lat' dir='ltr'>sueverunt</span> <span class='ocrx_word' id='word_1_48' title='bbox 385 1876 564 1956; x_wconf 82' lang='lat' dir='ltr'>Polliam,</span> <span class='ocrx_word' id='word_1_49' title='bbox 589 1879 781 1972; x_wconf 89' lang='lat' dir='ltr'>etquidem</span> <span class='ocrx_word' id='word_1_50' title='bbox 803 1903 906 1952; x_wconf 89' lang='lat' dir='ltr'>sensu</span> <span class='ocrx_word' id='word_1_51' title='bbox 931 1881 1232 1975; x_wconf 87' lang='lat' dir='ltr'>quemadmodum</span> <span class='ocrx_word' id='word_1_52' title='bbox 1251 1884 1288 1956; x_wconf 95' lang='lat' dir='ltr'>in</span> 
     </span>
     <span class='ocr_line' id='line_1_11' title="bbox 173 1992 1289 2092; baseline 0.004 -28"><span class='ocrx_word' id='word_1_53' title='bbox 173 1993 361 2064; x_wconf 83' lang='lat' dir='ltr'>Occidente</span> <span class='ocrx_word' id='word_1_54' title='bbox 381 1993 530 2063; x_wconf 90' lang='lat' dir='ltr'>Pallium</span> <span class='ocrx_word' id='word_1_55' title='bbox 546 1992 820 2088; x_wconf 83' lang='lat' dir='ltr'>intelligebatur.</span> <span class='ocrx_word' id='word_1_56' title='bbox 843 1997 931 2066; x_wconf 88' lang='lat' dir='ltr'>Satis</span> <span class='ocrx_word' id='word_1_57' title='bbox 953 2009 1005 2067; x_wconf 89' lang='lat' dir='ltr'>est</span> <span class='ocrx_word' id='word_1_58' title='bbox 1029 1998 1289 2092; x_wconf 89' lang='lat' dir='ltr'>Omcphorium</span> 
     </span>
     <span class='ocr_line' id='line_1_12' title="bbox 174 2107 1289 2204; baseline 0.007 -27"><span class='ocrx_word' id='word_1_59' title='bbox 174 2108 268 2180; x_wconf 87' lang='lat' dir='ltr'>istud</span> <span class='ocrx_word' id='word_1_60' title='bbox 286 2110 490 2204; x_wconf 83' lang='lat' dir='ltr'>¹perspicere</span> <span class='ocrx_word' id='word_1_61' title='bbox 514 2109 551 2179; x_wconf 96' lang='lat' dir='ltr'>in</span> <span class='ocrx_word' id='word_1_62' title='bbox 575 2107 785 2204; x_wconf 85' lang='lat' dir='ltr'>imaginibus</span> <span class='ocrx_word' id='word_1_63' title='bbox 802 2111 943 2182; x_wconf 84' lang='lat' dir='ltr'>Petrum</span> <span class='ocrx_word' id='word_1_64' title='bbox 964 2112 1176 2184; x_wconf 90' lang='lat' dir='ltr'>Graecorum</span> <span class='ocrx_word' id='word_1_65' title='bbox 1201 2113 1289 2185; x_wconf 92' lang='lat' dir='ltr'>alio-</span> 
     </span>
     <span class='ocr_line' id='line_1_13' title="bbox 174 2223 1289 2326; baseline 0.003 -31"><span class='ocrx_word' id='word_1_66' title='bbox 174 2247 326 2319; x_wconf 89' lang='lat' dir='ltr'>rumque</span> <span class='ocrx_word' id='word_1_67' title='bbox 350 2225 587 2304; x_wconf 83' lang='lat' dir='ltr'>Antistitum,</span> <span class='ocrx_word' id='word_1_68' title='bbox 603 2223 659 2295; x_wconf 85' lang='lat' dir='ltr'>vel</span> <span class='ocrx_word' id='word_1_69' title='bbox 684 2225 788 2295; x_wconf 89' lang='lat' dir='ltr'>etiam</span> <span class='ocrx_word' id='word_1_70' title='bbox 819 2225 856 2294; x_wconf 94' lang='lat' dir='ltr'>in</span> <span class='ocrx_word' id='word_1_71' title='bbox 882 2225 1052 2326; x_wconf 88' lang='lat' dir='ltr'>hodierna</span> <span class='ocrx_word' id='word_1_72' title='bbox 1076 2229 1289 2300; x_wconf 90' lang='lat' dir='ltr'>Graecorum</span> 
     </span>
     <span class='ocr_line' id='line_1_14' title="bbox 173 2331 1288 2439; baseline 0.004 -30"><span class='ocrx_word' id='word_1_73' title='bbox 173 2340 378 2410; x_wconf 91' lang='lat' dir='ltr'>Praesulum</span> <span class='ocrx_word' id='word_1_74' title='bbox 392 2338 539 2411; x_wconf 88' lang='lat' dir='ltr'>solemni</span> <span class='ocrx_word' id='word_1_75' title='bbox 563 2337 732 2409; x_wconf 91' lang='lat' dir='ltr'>induendi</span> <span class='ocrx_word' id='word_1_76' title='bbox 751 2331 886 2412; x_wconf 86' lang='lat' dir='ltr'>ratio&#39;ne</span> <span class='ocrx_word' id='word_1_77' title='bbox 904 2353 943 2411; x_wconf 90' lang='lat' dir='ltr'>ut</span> <span class='ocrx_word' id='word_1_78' title='bbox 963 2355 1078 2436; x_wconf 90' lang='lat' dir='ltr'>pateat</span> <span class='ocrx_word' id='word_1_79' title='bbox 1100 2343 1145 2414; x_wconf 92' lang='lat' dir='ltr'>ad</span> <span class='ocrx_word' id='word_1_80' title='bbox 1170 2344 1288 2439; x_wconf 90' lang='lat' dir='ltr'>ipsum</span> 
     </span>
     <span class='ocr_line' id='line_1_15' title="bbox 173 2454 1288 2554; baseline 0.004 -28"><span class='ocrx_word' id='word_1_81' title='bbox 173 2454 301 2526; x_wconf 81' lang='lat' dir='ltr'>referri</span> <span class='ocrx_word' id='word_1_82' title='bbox 326 2454 627 2536; x_wconf 87' lang='lat' dir='ltr'>sacriindumenti</span> <span class='ocrx_word' id='word_1_83' title='bbox 650 2476 772 2548; x_wconf 80' lang='lat' dir='ltr'>genus.</span> <span class='ocrx_word' id='word_1_84' title='bbox 801 2456 989 2528; x_wconf 86' lang='lat' dir='ltr'>Enimvero</span> <span class='ocrx_word' id='word_1_85' title='bbox 1018 2480 1080 2552; x_wconf 88' lang='lat' dir='ltr'>per</span> <span class='ocrx_word' id='word_1_86' title='bbox 1104 2457 1288 2554; x_wconf 89' lang='lat' dir='ltr'>Omcpho-</span> 
     </span>
     <span class='ocr_line' id='line_1_16' title="bbox 174 2567 1285 2684; baseline 0.005 -44"><span class='ocrx_word' id='word_1_87' title='bbox 174 2571 270 2640; x_wconf 89' lang='lat' dir='ltr'>rium</span> <span class='ocrx_word' id='word_1_88' title='bbox 293 2568 479 2641; x_wconf 84' lang='lat' dir='ltr'>exhibetur</span> <span class='ocrx_word' id='word_1_89' title='bbox 497 2568 601 2684; x_wconf 76' lang='lat' dir='ltr'>fascip</span> <span class='ocrx_word' id='word_1_90' title='bbox 620 2567 723 2652; x_wconf 91' lang='lat' dir='ltr'>alba,</span> <span class='ocrx_word' id='word_1_91' title='bbox 744 2568 907 2641; x_wconf 89' lang='lat' dir='ltr'>crucibus</span> <span class='ocrx_word' id='word_1_92' title='bbox 925 2571 1093 2669; x_wconf 84' lang='lat' dir='ltr'>instructa</span> <span class='ocrx_word' id='word_1_93' title='bbox 1118 2596 1285 2667; x_wconf 85' lang='lat' dir='ltr'>quaesu-</span> 
     </span>
     <span class='ocr_line' id='line_1_17' title="bbox 155 2683 1287 2784; baseline 0.002 -28"><span class='ocrx_word' id='word_1_94' title='bbox 155 2707 241 2780; x_wconf 88' lang='lat' dir='ltr'>·per</span> <span class='ocrx_word' id='word_1_95' title='bbox 269 2685 337 2757; x_wconf 88' lang='lat' dir='ltr'>alia</span> <span class='ocrx_word' id='word_1_96' title='bbox 360 2707 456 2757; x_wconf 88' lang='lat' dir='ltr'>sacra</span> <span class='ocrx_word' id='word_1_97' title='bbox 485 2683 691 2755; x_wconf 84' lang='lat' dir='ltr'>indumenta</span> <span class='ocrx_word' id='word_1_98' title='bbox 718 2685 891 2767; x_wconf 87' lang='lat' dir='ltr'>sumitur,</span> <span class='ocrx_word' id='word_1_99' title='bbox 919 2685 1076 2758; x_wconf 88' lang='lat' dir='ltr'>humeris</span> <span class='ocrx_word' id='word_1_100' title='bbox 1099 2701 1134 2762; x_wconf 88' lang='lat' dir='ltr'>et</span> <span class='ocrx_word' id='word_1_101' title='bbox 1152 2690 1287 2784; x_wconf 88' lang='lat' dir='ltr'>pectori</span> 
     </span>
     <span class='ocr_line' id='line_1_18' title="bbox 175 2799 1175 2894; baseline 0.002 -22"><span class='ocrx_word' id='word_1_102' title='bbox 175 2800 397 2882; x_wconf 85' lang='lat' dir='ltr'>advolvitur,</span> <span class='ocrx_word' id='word_1_103' title='bbox 428 2801 571 2894; x_wconf 90' lang='lat' dir='ltr'>eiusque</span> <span class='ocrx_word' id='word_1_104' title='bbox 596 2811 750 2870; x_wconf 87' lang='lat' dir='ltr'>extrema</span> <span class='ocrx_word' id='word_1_105' title='bbox 775 2799 920 2872; x_wconf 88' lang='lat' dir='ltr'>inferius</span> <span class='ocrx_word' id='word_1_106' title='bbox 945 2801 1175 2875; x_wconf 87' lang='lat' dir='ltr'>descendunt.</span> 
     </span>
     <span class='ocr_line' id='line_1_19' title="bbox 247 2913 1286 3008; baseline 0.004 -20"><span class='ocrx_word' id='word_1_107' title='bbox 247 2916 429 2988; x_wconf 86' lang='lat' dir='ltr'>Melchitae</span> <span class='ocrx_word' id='word_1_108' title='bbox 447 2917 531 2986; x_wconf 89' lang='lat' dir='ltr'>item</span> <span class='ocrx_word' id='word_1_109' title='bbox 549 2913 810 3008; x_wconf 90' lang='lat' dir='ltr'>Omcphorium</span> <span class='ocrx_word' id='word_1_110' title='bbox 828 2929 986 2998; x_wconf 86' lang='lat' dir='ltr'>servant,</span> <span class='ocrx_word' id='word_1_111' title='bbox 1009 2931 1048 2988; x_wconf 91' lang='lat' dir='ltr'>ut</span> <span class='ocrx_word' id='word_1_112' title='bbox 1071 2932 1195 2991; x_wconf 88' lang='lat' dir='ltr'>notum</span> <span class='ocrx_word' id='word_1_113' title='bbox 1221 2933 1286 2992; x_wconf 86' lang='lat' dir='ltr'>est.</span> 
     </span>
     <span class='ocr_line' id='line_1_20' title="bbox 156 3029 1290 3128; baseline 0.003 -26"><span class='ocrx_word' id='word_1_114' title='bbox 156 3067 159 3074; x_wconf 94' lang='lat'>·</span> <span class='ocrx_word' id='word_1_115' title='bbox 175 3032 281 3127; x_wconf 84' lang='lat' dir='ltr'>Apud</span> <span class='ocrx_word' id='word_1_116' title='bbox 294 3034 342 3103; x_wconf 83' lang='lat' dir='ltr'>Le</span> <span class='ocrx_word' id='word_1_117' title='bbox 358 3033 453 3103; x_wconf 85' lang='lat' dir='ltr'>Brun</span> <span class='ocrx_word' id='word_1_118' title='bbox 471 3029 709 3126; x_wconf 76' lang='lat' dir='ltr'>Emplt&#39;cation</span> <span class='ocrx_word' id='word_1_119' title='bbox 722 3030 783 3100; x_wconf 84' lang='lat' dir='ltr'>des</span> <span class='ocrx_word' id='word_1_120' title='bbox 797 3031 935 3128; x_wconf 78' lang='lat' dir='ltr'>pridres</span> <span class='ocrx_word' id='word_1_121' title='bbox 958 3050 993 3102; x_wconf 85' lang='lat' dir='ltr'>et</span> <span class='ocrx_word' id='word_1_122' title='bbox 1015 3033 1059 3104; x_wconf 87' lang='lat' dir='ltr'>de</span> <span class='ocrx_word' id='word_1_123' title='bbox 1076 3036 1290 3106; x_wconf 68' lang='lat' dir='ltr'>coamantes</span> 
     </span>
     <span class='ocr_line' id='line_1_21' title="bbox 175 3145 1289 3247; baseline 0.004 -31"><span class='ocrx_word' id='word_1_124' title='bbox 175 3147 220 3216; x_wconf 84' lang='lat' dir='ltr'>de</span> <span class='ocrx_word' id='word_1_125' title='bbox 232 3147 269 3218; x_wconf 87' lang='lat' dir='ltr'>la</span> <span class='ocrx_word' id='word_1_126' title='bbox 282 3149 392 3219; x_wconf 84' lang='lat' dir='ltr'>Messe</span> <span class='ocrx_word' id='word_1_127' title='bbox 409 3159 436 3218; x_wconf 92' lang='lat' dir='ltr'>t.</span> <span class='ocrx_word' id='word_1_128' title='bbox 452 3149 489 3216; x_wconf 71' lang='lat'>2.</span> <span class='ocrx_word' id='word_1_129' title='bbox 505 3168 586 3240; x_wconf 88' lang='lat' dir='ltr'><strong>pag.</strong></span> <span class='ocrx_word' id='word_1_130' title='bbox 608 3147 693 3215; x_wconf 77' lang='lat' dir='ltr'>lbi.</span> <span class='ocrx_word' id='word_1_131' title='bbox 709 3145 815 3217; x_wconf 87' lang='lat' dir='ltr'>refert</span> <span class='ocrx_word' id='word_1_132' title='bbox 833 3149 876 3218; x_wconf 87' lang='lat' dir='ltr'>D.</span> <span class='ocrx_word' id='word_1_133' title='bbox 892 3147 938 3218; x_wconf 90' lang='lat' dir='ltr'>de</span> <span class='ocrx_word' id='word_1_134' title='bbox 949 3148 1128 3242; x_wconf 77' lang='lat' dir='ltr'>Thevenot</span> <span class='ocrx_word' id='word_1_135' title='bbox 1145 3151 1289 3247; x_wconf 78' lang='lat' dir='ltr'>Voyage</span> 
     </span>
     <span class='ocr_line' id='line_1_22' title="bbox 156 3258 1288 3354; baseline 0.002 -22"><span class='ocrx_word' id='word_1_136' title='bbox 156 3285 160 3292; x_wconf 92' lang='lat'>·</span> <span class='ocrx_word' id='word_1_137' title='bbox 175 3260 226 3332; x_wconf 85' lang='lat' dir='ltr'>du</span> <span class='ocrx_word' id='word_1_138' title='bbox 240 3261 357 3333; x_wconf 73' lang='lat' dir='ltr'>leuant</span> <span class='ocrx_word' id='word_1_139' title='bbox 370 3259 469 3354; x_wconf 93' lang='lat' dir='ltr'>quod</span> <span class='ocrx_word' id='word_1_140' title='bbox 487 3258 745 3330; x_wconf 84' lang='lat' dir='ltr'>Alexandrinus</span> <span class='ocrx_word' id='word_1_141' title='bbox 762 3261 960 3333; x_wconf 87' lang='lat' dir='ltr'>Patriarcha</span> <span class='ocrx_word' id='word_1_142' title='bbox 977 3263 1109 3334; x_wconf 88' lang='lat' dir='ltr'>Graeco</span> <span class='ocrx_word' id='word_1_143' title='bbox 1127 3263 1288 3336; x_wconf 85' lang='lat' dir='ltr'>Melcbita</span> 
     </span>
     <span class='ocr_line' id='line_1_23' title="bbox 175 3361 1288 3470; baseline 0.003 -23"><span class='ocrx_word' id='word_1_144' title='bbox 175 3361 381 3449; x_wconf 90' lang='lat' dir='ltr'>solemniter</span> <span class='ocrx_word' id='word_1_145' title='bbox 392 3376 587 3450; x_wconf 86' lang='lat' dir='ltr'>&#39;celebrans</span> <span class='ocrx_word' id='word_1_146' title='bbox 614 3398 719 3470; x_wconf 87' lang='lat' dir='ltr'>super</span> <span class='ocrx_word' id='word_1_147' title='bbox 737 3375 804 3448; x_wconf 92' lang='lat' dir='ltr'>alia</span> <span class='ocrx_word' id='word_1_148' title='bbox 823 3399 919 3462; x_wconf 80' lang='lat' dir='ltr'>sacra</span> <span class='ocrx_word' id='word_1_149' title='bbox 936 3377 1142 3450; x_wconf 87' lang='lat' dir='ltr'>indumenta</span> <span class='ocrx_word' id='word_1_150' title='bbox 1161 3379 1288 3450; x_wconf 87' lang='lat' dir='ltr'>stolam</span> 
     </span>
     <span class='ocr_line' id='line_1_24' title="bbox 174 3491 1288 3590; baseline 0.002 -26"><span class='ocrx_word' id='word_1_151' title='bbox 174 3492 365 3588; x_wconf 91' lang='lat' dir='ltr'>quamdam</span> <span class='ocrx_word' id='word_1_152' title='bbox 381 3493 555 3579; x_wconf 88' lang='lat' dir='ltr'>induerit,</span> <span class='ocrx_word' id='word_1_153' title='bbox 571 3519 661 3590; x_wconf 91' lang='lat' dir='ltr'>quae</span> <span class='ocrx_word' id='word_1_154' title='bbox 678 3495 764 3568; x_wconf 91' lang='lat' dir='ltr'>olim</span> <span class='ocrx_word' id='word_1_155' title='bbox 783 3517 802 3565; x_wconf 92' lang='lat' dir='ltr'>a</span> <span class='ocrx_word' id='word_1_156' title='bbox 820 3497 979 3566; x_wconf 84' lang='lat' dir='ltr'>Romano</span> <span class='ocrx_word' id='word_1_157' title='bbox 992 3491 1166 3566; x_wconf 85' lang='lat' dir='ltr'>Pontofice</span> <span class='ocrx_word' id='word_1_158' title='bbox 1184 3495 1288 3566; x_wconf 90' lang='lat' dir='ltr'>missa</span> 
     </span>
     <span class='ocr_line' id='line_1_25' title="bbox 156 3606 1288 3702; baseline 0.004 -24"><span class='ocrx_word' id='word_1_159' title='bbox 156 3606 382 3692; x_wconf 84' lang='lat' dir='ltr'>dicebatur,¹</span> <span class='ocrx_word' id='word_1_160' title='bbox 415 3611 518 3681; x_wconf 90' lang='lat' dir='ltr'>simul</span> <span class='ocrx_word' id='word_1_161' title='bbox 544 3635 629 3684; x_wconf 86' lang='lat' dir='ltr'>vero</span> <span class='ocrx_word' id='word_1_162' title='bbox 654 3610 801 3682; x_wconf 88' lang='lat' dir='ltr'>Pallium</span> <span class='ocrx_word' id='word_1_163' title='bbox 825 3611 868 3680; x_wconf 91' lang='lat' dir='ltr'>iis</span> <span class='ocrx_word' id='word_1_164' title='bbox 899 3608 1011 3680; x_wconf 89' lang='lat' dir='ltr'>simile</span> <span class='ocrx_word' id='word_1_165' title='bbox 1042 3607 1140 3702; x_wconf 90' lang='lat' dir='ltr'>quod</span> <span class='ocrx_word' id='word_1_166' title='bbox 1169 3610 1206 3680; x_wconf 95' lang='lat' dir='ltr'>in</span> <span class='ocrx_word' id='word_1_167' title='bbox 1237 3609 1288 3684; x_wconf 87' lang='lat' dir='ltr'>la·</span> 
     </span>
     <span class='ocr_line' id='line_1_26' title="bbox 175 3724 950 3820; baseline 0.001 -28"><span class='ocrx_word' id='word_1_168' title='bbox 175 3725 257 3794; x_wconf 91' lang='lat' dir='ltr'>tiuis</span> <span class='ocrx_word' id='word_1_169' title='bbox 281 3724 561 3820; x_wconf 74' lang='lat' dir='ltr'>Archiepiscopi‘s</span> <span class='ocrx_word' id='word_1_170' title='bbox 581 3735 816 3820; x_wconf 83' lang='lat' dir='ltr'>perspexerat.</span> <span class='ocrx_word' id='word_1_171' title='bbox 947 3735 950 3740; x_wconf 74' lang='grc'>“</span> 
     </span>
     <span class='ocr_line' id='line_1_27' title="bbox 163 3833 1289 3936; baseline 0.002 -27"><span class='ocrx_word' id='word_1_172' title='bbox 163 3852 169 3864; x_wconf 91' lang='grc'><strong>’</strong></span> <span class='ocrx_word' id='word_1_173' title='bbox 247 3838 353 3934; x_wconf 87' lang='lat' dir='ltr'>Apud</span> <span class='ocrx_word' id='word_1_174' title='bbox 390 3833 520 3911; x_wconf 84' lang='lat' dir='ltr'>Russos</span> <span class='ocrx_word' id='word_1_175' title='bbox 555 3841 685 3936; x_wconf 89' lang='lat' dir='ltr'>pariter</span> <span class='ocrx_word' id='word_1_176' title='bbox 723 3838 844 3910; x_wconf 89' lang='lat' dir='ltr'>eadem</span> <span class='ocrx_word' id='word_1_177' title='bbox 881 3837 1016 3910; x_wconf 90' lang='lat' dir='ltr'>ratione</span> <span class='ocrx_word' id='word_1_178' title='bbox 1054 3849 1159 3934; x_wconf 88' lang='lat' dir='ltr'>atque</span> <span class='ocrx_word' id='word_1_179' title='bbox 1194 3839 1289 3935; x_wconf 90' lang='lat' dir='ltr'>apud</span> 
     </span>
     <span class='ocr_line' id='line_1_28' title="bbox 174 3952 1287 4051; baseline 0.001 -28"><span class='ocrx_word' id='word_1_180' title='bbox 174 3953 324 4024; x_wconf 80' lang='lat' dir='ltr'>Graecos</span> <span class='ocrx_word' id='word_1_181' title='bbox 356 3954 505 4024; x_wconf 90' lang='lat' dir='ltr'>Pallium</span> <span class='ocrx_word' id='word_1_182' title='bbox 531 3956 567 4025; x_wconf 94' lang='lat' dir='ltr'>in</span> <span class='ocrx_word' id='word_1_183' title='bbox 594 3977 659 4026; x_wconf 89' lang='lat' dir='ltr'>usu</span> <span class='ocrx_word' id='word_1_184' title='bbox 684 3965 758 4036; x_wconf 90' lang='lat' dir='ltr'>est,</span> <span class='ocrx_word' id='word_1_185' title='bbox 784 3952 1087 4046; x_wconf 90' lang='lat' dir='ltr'>quemadmodum</span> <span class='ocrx_word' id='word_1_186' title='bbox 1112 3955 1287 4051; x_wconf 90' lang='lat' dir='ltr'>imprimis</span> 
     </span>
     <span class='ocr_line' id='line_1_29' title="bbox 175 4067 1287 4164; baseline 0.002 -26"><span class='ocrx_word' id='word_1_187' title='bbox 175 4079 271 4162; x_wconf 89' lang='lat' dir='ltr'>patet</span> <span class='ocrx_word' id='word_1_188' title='bbox 295 4092 338 4140; x_wconf 85' lang='lat' dir='ltr'>ex</span> <span class='ocrx_word' id='word_1_189' title='bbox 363 4067 513 4164; x_wconf 85' lang='lat' dir='ltr'>figurato</span> <span class='ocrx_word' id='word_1_190' title='bbox 538 4068 738 4142; x_wconf 90' lang='lat' dir='ltr'>calendario</span> <span class='ocrx_word' id='word_1_191' title='bbox 756 4068 979 4140; x_wconf 86' lang='lat' dir='ltr'>Moscovitico</span> <span class='ocrx_word' id='word_1_192' title='bbox 999 4071 1107 4141; x_wconf 91' lang='lat' dir='ltr'>totius</span> <span class='ocrx_word' id='word_1_193' title='bbox 1128 4071 1228 4151; x_wconf 91' lang='lat' dir='ltr'>anni,</span> <span class='ocrx_word' id='word_1_194' title='bbox 1249 4071 1287 4141; x_wconf 92' lang='lat' dir='ltr'>in</span> 
     </span>
     <span class='ocr_line' id='line_1_30' title="bbox 160 4183 1285 4280; baseline 0.002 -28"><span class='ocrx_word' id='word_1_195' title='bbox 160 4184 432 4278; x_wconf 56' lang='lat' dir='ltr'>&#39;Episcoporum</span> <span class='ocrx_word' id='word_1_196' title='bbox 456 4183 685 4280; x_wconf 88' lang='lat' dir='ltr'>imaginibus:</span> <span class='ocrx_word' id='word_1_197' title='bbox 712 4184 891 4278; x_wconf 92' lang='lat' dir='ltr'>inprimis</span> <span class='ocrx_word' id='word_1_198' title='bbox 915 4183 982 4256; x_wconf 91' lang='lat' dir='ltr'>sub</span> <span class='ocrx_word' id='word_1_199' title='bbox 1007 4183 1065 4256; x_wconf 87' lang='lat' dir='ltr'>die</span> <span class='ocrx_word' id='word_1_200' title='bbox 1093 4185 1150 4256; x_wconf 85' lang='lat'>13.</span> <span class='ocrx_word' id='word_1_201' title='bbox 1172 4185 1285 4257; x_wconf 85' lang='lat' dir='ltr'>Martii</span> 
     </span>
     <span class='ocr_line' id='line_1_31' title="bbox 157 4298 1286 4396; baseline 0.003 -29"><span class='ocrx_word' id='word_1_202' title='bbox 157 4298 212 4368; x_wconf 62' lang='lat' dir='ltr'>⁴in</span> <span class='ocrx_word' id='word_1_203' title='bbox 242 4298 331 4372; x_wconf 82' lang='lat' dir='ltr'>festo</span> <span class='ocrx_word' id='word_1_204' title='bbox 361 4299 580 4372; x_wconf 79' lang='lat' dir='ltr'>exaltationis</span> <span class='ocrx_word' id='word_1_205' title='bbox 600 4301 634 4372; x_wconf 90' lang='lat' dir='ltr'>S.</span> <span class='ocrx_word' id='word_1_206' title='bbox 660 4299 799 4384; x_wconf 84' lang='lat' dir='ltr'>Crucis,</span> <span class='ocrx_word' id='word_1_207' title='bbox 822 4301 964 4374; x_wconf 85' lang='lat' dir='ltr'>Russiae</span> <span class='ocrx_word' id='word_1_208' title='bbox 994 4299 1286 4396; x_wconf 85' lang='lat' dir='ltr'>Archiepisoopus</span> 
     </span>
    </p>
   </div>
   <div class='ocr_carea' id='block_1_6' title="bbox 0 0 1706 5222">
    <p class='ocr_par' dir='ltr' id='par_1_6' title="bbox 0 0 1706 5222">
     <span class='ocr_line' id='line_1_32' title="bbox 0 0 1706 5222; baseline 0 0"><span class='ocrx_word' id='word_1_209' title='bbox 0 0 1706 5222; x_wconf 95' lang='lat' dir='ltr'> </span> 
     </span>
    </p>
   </div>
  </div>
 </body>
</html>
