3402 5222
667 421 711 436 ...
735 387 776 450 27
800 418 845 434 ..
925 429 928 436 ¹

203 551 219 586 a
248 521 352 594 huius
369 520 567 592 vestimenti
585 517 772 614 (nimirum
788 517 934 614 prod)
952 532 1027 591 erat
1048 522 1200 616 spatium
1221 541 1316 615 qua·

203 665 221 706 a
249 636 389 708 dratum
404 637 508 706 unius
522 633 715 730 spithamas
739 648 826 710 'ltin
848 633 1028 706 Rationale
1046 637 1093 706 ita
1112 634 1315 730 adaptatum

201 780 219 819 n
247 765 321 823 erat
344 763 383 822 ut
401 751 609 822 intrinsecus
626 752 689 821 lix.
711 751 865 822 xxxix.
888 751 924 822 9.
940 751 1049 821 instar
1066 752 1235 846 marsupii
1248 750 1317 824 du·

200 895 218 934 »
247 867 434 962 plicatum,
450 868 664 938 extrinsecus
679 889 765 938 vero
789 864 980 937 duodecim
993 867 1141 960 gemmis
1158 865 1317 959 quadru-

201 1009 219 1048 s
247 981 329 1076 plici
347 981 437 1052 serie
455 979 634 1076 dispositis
647 993 813 1052 ornatum
824 992 927 1060 esset,
942 977 1073 1074 quibus
1086 983 1229 1051 nomina
1246 982 1316 1052 tri-

201 1123 219 1164 n
247 1095 358 1170 buum
383 1095 557 1191 insculpta
586 1108 704 1167 erant:
736 1107 889 1188 quatuor
928 1094 1067 1166 annulis
1093 1096 1160 1191 ipsi
1189 1095 1316 1192 llpbod

200 1239 220 1280 s
247 1233 421 1284 annexum
429 1223 463 1281 et
477 1209 592 1282 fasciis
602 1208 819 1304 hyacinthini
831 1208 962 1282 coloris
974 1207 1318 1304 alligatum‚duabus

201 1353 219 1398 a
247 1347 357 1422 porro
369 1327 499 1398 catenis
513 1326 676 1397 aureisin
694 1337 848 1420 utroque
865 1324 1016 1397 humero
1032 1323 1110 1396 fixis
1124 1323 1315 1422 pendebat,

201 1468 225 1508 a
248 1453 355 1536 atque
368 1439 537 1535 singulari
551 1439 695 1534 cingulo
711 1440 828 1534 ipsum
841 1437 967 1533 Ephod
978 1449 1093 1510 toturn
1105 1437 1317 1512 ambientem

201 1581 220 1626 s
247 1555 453 1628 adstrictum
466 1567 593 1626 erat.»
618 1555 806 1627 Enimvero
827 1556 856 1627 si
870 1553 1019 1626 l’allium
1042 1557 1233 1640 Graecum,
1259 1555 1317 1629 vel

198 1671 382 1752 Latinum,
402 1668 573 1742 moderna
596 1667 653 1740 vel
670 1669 861 1764 antiquiori
875 1667 989 1741 forma
1013 1669 1179 1742 cumbae
1199 1671 1318 1746 llatio-

198 1784 288 1856 nalis
307 1783 543 1880 descriptione
566 1783 790 1866 conferatur,
818 1781 951 1878 patebit
983 1782 1040 1856 vel
1067 1785 1248 1856 minimam
1270 1786 1319 1857 ai·
1454 1863 1458 1880 Ι

198 1898 434 1971 militudinem
457 1899 549 1970 iuter
564 1921 676 1970 unum
697 1909 803 1992 atque
820 1897 973 1970 alterum
989 1911 1239 1970 oruamentum
1255 1921 1318 1972 oo·
1415 1961 1419 1968 .

198 2035 353 2087 cunero.
379 2012 525 2084 Nullum
541 2001 628 2085 vor'o
645 2035 688 2084 ex
711 2013 918 2109 antiquitate
946 2025 1194 2108 argumentum
1211 2012 1319 2096 ,uul-

199 2127 275 2201 lum
299 2125 485 2223 probabile
522 2125 714 2210 indicium,
743 2127 960 2222 praesertim¹
980 2129 1019 2198 in
1040 2127 1318 2222 appellationum

199 2242 429 2316 similitudine
457 2255 498 2315 ut
526 2241 675 2314 Pallium
707 2265 750 2314 ex
778 2241 952 2315 Rationali
982 2241 1110 2314 deduci
1137 2243 1258 2339 possit.
1282 2243 1317 2314 Si

198 2359 306 2431 etiarn
329 2357 468 2429 Alcuini
499 2355 609 2432 verba
633 2356 924 2454 perpendantur,
949 2369 1094 2452 exurget
1120 2379 1193 2428 non
1228 2355 1319 2428 adeo

199 2471 313 2568 ipsam
328 2470 427 2543 Pallii
446 2493 566 2543 veram
591 2472 764 2567 originem
788 2469 834 2543 ab
851 2493 895 2542 eo
920 2493 963 2543 ex
980 2469 1154 2544 Rationali
1168 2469 1316 2554 adstrui,

200 2587 320 2682 potius
337 2586 602 2682 superadditum
619 2607 779 2669 sensum,
796 2609 870 2682 quo
880 2599 1128 2658 oruamentum
1141 2585 1236 2658 istud
1253 2609 1319 2682 per

199 2700 561 2774 accommodationem
582 2700 774 2796 quamdam
803 2723 884 2774 curn
902 2701 1033 2774 ludaici
1057 2699 1234 2775 Pontificis
1257 2723 1318 2776 or·

201 2829 287 2890 natu
312 2815 528 2890 conferatur.
858 2805 861 2812 ’

623 3076 798 3160 CAPUT
826 3079 895 3158 Vl.

372 3319 434 3369 tttttt
450 3317 551 3370 rateto
566 3317 731 3370 tttvttcttttt
746 3317 788 3369 OB
804 3315 958 3370 annones
973 3317 1137 3370 malcas.

290 3499 434 3600 Aliquid
475 3503 718 3576 adnotandum
757 3517 916 3601 superest
954 3503 1000 3576 de
1033 3505 1187 3598 mysticis
1220 3504 1319 3575 Pallii

203 3615 541 3712 significationibus,
574 3639 619 3690 eo
656 3620 811 3714 praecise
849 3615 918 3690 sub
943 3630 1104 3713 respectu
1130 3641 1213 3688 num
1242 3621 1319 3713 ipsa

203 3731 302 3804 Pallii
329 3733 501 3804 institutio
526 3734 570 3804 tit
608 3732 691 3804 inde
710 3731 913 3829 repetenda.
939 3733 1163 3804 innocentius
1180 3734 1240 3804 lll.
1273 3733 1320 3805 de

202 3849 305 3942 llyst.
320 3850 444 3921 Missae
468 3847 572 3921 docet
595 3847 744 3922 Pallium
764 3871 839 3920 esse
859 3845 1002 3919 Divinis
1026 3847 1220 3944 gravidum
1242 3847 1319 3919 Sa-

203 3945 412 4035 cramentis.
1073 4033 1076 4042 ,

284 4079 440 4151 Primum
471 4101 513 4150 ac
550 4081 779 4176 praecipuum
808 4078 971 4150 educitur
999 4100 1043 4149 ex
1070 4079 1214 4151 materia
1250 4101 1321 4172 qua

204 4194 352 4264 Pallimn
369 4192 590 4276 efformator,
611 4192 691 4266 lana
708 4191 886 4276 videlicet,
903 4204 942 4264 ut
964 4189 1050 4264 boui
1068 4193 1219 4287 pastoris
1236 4214 1321 4264 oves

205 4305 271 4381 sibi
297 4309 447 4382 creditas
462 4309 616 4382 curantis
638 4331 678 4381 ac
695 4309 868 4404 imprimis
894 4305 1116 4392 aberrantem
1142 4329 1248 4412 ovem
1265 4308 1321 4378 in·
1393 4368 1395 4372 ,
