<?xml version="1.0" encoding="UTF-8"?>
<!DOCTYPE html PUBLIC "-//W3C//DTD XHTML 1.0 Transitional//EN"
    "http://www.w3.org/TR/xhtml1/DTD/xhtml1-transitional.dtd">
<html xmlns="http://www.w3.org/1999/xhtml" xml:lang="en" lang="en">
 <head>
  <title>
</title>
<meta http-equiv="Content-Type" content="text/html;charset=utf-8" />
  <meta name='ocr-system' content='tesseract 3.04.00' />
  <meta name='ocr-capabilities' content='ocr_page ocr_carea ocr_par ocr_line ocrx_word'/>
</head>
<body>
  <div class='ocr_page' id='page_1' title='image "./desacripalliior00vespgoog_0052.png"; bbox 0 0 3402 5222; ppageno 0'>
   <div class='ocr_carea' id='block_1_1' title="bbox 683 389 862 476">
    <p class='ocr_par' dir='ltr' id='par_1_1' title="bbox 683 389 862 476">
     <span class='ocr_line' id='line_1_1' title="bbox 683 389 862 476; baseline 0 -26"><span class='ocrx_word' id='word_1_1' title='bbox 683 389 862 476; x_wconf 62' lang='lat'>7³⁵·-</span> 
     </span>
    </p>
   </div>
   <div class='ocr_carea' id='block_1_2' title="bbox 217 516 1392 1306">
    <p class='ocr_par' dir='ltr' id='par_1_2' title="bbox 217 516 1392 1306">
     <span class='ocr_line' id='line_1_2' title="bbox 217 516 1333 613; baseline 0.006 -25"><span class='ocrx_word' id='word_1_2' title='bbox 217 516 322 590; x_wconf 90' lang='lat' dir='ltr'><strong>betur</strong></span> <span class='ocrx_word' id='word_1_3' title='bbox 345 517 479 590; x_wconf 85' lang='lat' dir='ltr'><strong>Eliseus</strong></span> <span class='ocrx_word' id='word_1_4' title='bbox 503 517 690 611; x_wconf 78' lang='lat' dir='ltr'><strong>inspiciens</strong></span> <span class='ocrx_word' id='word_1_5' title='bbox 714 516 826 588; x_wconf 76' lang='lat' dir='ltr'><strong>liliam</strong></span> <span class='ocrx_word' id='word_1_6' title='bbox 854 541 917 613; x_wconf 91' lang='lat' dir='ltr'><strong>per</strong></span> <span class='ocrx_word' id='word_1_7' title='bbox 941 517 1118 592; x_wconf 80' lang='lat' dir='ltr'><strong>turbinem</strong></span> <span class='ocrx_word' id='word_1_8' title='bbox 1140 521 1333 594; x_wconf 66' lang='lat' dir='ltr'><strong>ascenden</strong></span> 
     </span>
     <span class='ocr_line' id='line_1_3' title="bbox 217 632 1333 730; baseline 0.004 -26"><span class='ocrx_word' id='word_1_9' title='bbox 217 647 287 704; x_wconf 80' lang='lat' dir='ltr'><strong>tem</strong></span> <span class='ocrx_word' id='word_1_10' title='bbox 311 637 347 706; x_wconf 94' lang='lat' dir='ltr'><strong>in</strong></span> <span class='ocrx_word' id='word_1_11' title='bbox 371 634 528 706; x_wconf 86' lang='lat' dir='ltr'><strong>coelum:</strong></span> <span class='ocrx_word' id='word_1_12' title='bbox 548 660 565 698; x_wconf 77' lang='lat' dir='ltr'><strong>n</strong></span> <span class='ocrx_word' id='word_1_13' title='bbox 582 633 624 702; x_wconf 85' lang='lat' dir='ltr'><strong>Et</strong></span> <span class='ocrx_word' id='word_1_14' title='bbox 649 632 776 704; x_wconf 90' lang='lat' dir='ltr'><strong>levavit</strong></span> <span class='ocrx_word' id='word_1_15' title='bbox 803 633 951 728; x_wconf 90' lang='lat' dir='ltr'><strong>pallium</strong></span> <span class='ocrx_word' id='word_1_16' title='bbox 975 636 1093 718; x_wconf 87' lang='lat' dir='ltr'><strong>Eliae,</strong></span> <span class='ocrx_word' id='word_1_17' title='bbox 1119 637 1218 730; x_wconf 88' lang='lat' dir='ltr'><strong>quod</strong></span> <span class='ocrx_word' id='word_1_18' title='bbox 1243 640 1333 708; x_wconf 86' lang='lat' dir='ltr'><strong>ceci-</strong></span> 
     </span>
     <span class='ocr_line' id='line_1_4' title="bbox 220 748 1334 845; baseline 0.009 -31"><span class='ocrx_word' id='word_1_19' title='bbox 220 776 238 815; x_wconf 90' lang='lat'>»</span> <span class='ocrx_word' id='word_1_20' title='bbox 266 749 365 821; x_wconf 87' lang='lat' dir='ltr'><strong>derat</strong></span> <span class='ocrx_word' id='word_1_21' title='bbox 381 751 433 820; x_wconf 90' lang='lat' dir='ltr'><strong>ei:</strong></span> <span class='ocrx_word' id='word_1_22' title='bbox 454 769 685 840; x_wconf 81' lang='lat' dir='ltr'><strong>reversusque</strong></span> <span class='ocrx_word' id='word_1_23' title='bbox 708 748 804 818; x_wconf 89' lang='lat' dir='ltr'><strong>stetit</strong></span> <span class='ocrx_word' id='word_1_24' title='bbox 828 771 935 843; x_wconf 87' lang='lat' dir='ltr'><strong>super</strong></span> <span class='ocrx_word' id='word_1_25' title='bbox 959 751 1072 845; x_wconf 83' lang='lat' dir='ltr'><strong>ripam</strong></span> <span class='ocrx_word' id='word_1_26' title='bbox 1098 751 1268 823; x_wconf 86' lang='lat' dir='ltr'><strong>Iordanis.</strong></span> <span class='ocrx_word' id='word_1_27' title='bbox 1291 755 1334 824; x_wconf 85' lang='lat' dir='ltr'><strong>Et</strong></span> 
     </span>
     <span class='ocr_line' id='line_1_5' title="bbox 220 861 1334 962; baseline 0.003 -28"><span class='ocrx_word' id='word_1_28' title='bbox 220 891 239 934; x_wconf 76' lang='lat' dir='ltr'><strong>s</strong></span> <span class='ocrx_word' id='word_1_29' title='bbox 269 866 379 962; x_wconf 86' lang='lat' dir='ltr'><strong>pallio</strong></span> <span class='ocrx_word' id='word_1_30' title='bbox 393 865 501 947; x_wconf 87' lang='lat' dir='ltr'><strong>Eliae,</strong></span> <span class='ocrx_word' id='word_1_31' title='bbox 517 861 615 958; x_wconf 92' lang='lat' dir='ltr'><strong>quod</strong></span> <span class='ocrx_word' id='word_1_32' title='bbox 633 861 808 934; x_wconf 80' lang='lat' dir='ltr'><strong>ceciderat</strong></span> <span class='ocrx_word' id='word_1_33' title='bbox 825 865 879 942; x_wconf 89' lang='lat' dir='ltr'><strong>ei,</strong></span> <span class='ocrx_word' id='word_1_34' title='bbox 896 866 1067 958; x_wconf 87' lang='lat' dir='ltr'><strong>percussit</strong></span> <span class='ocrx_word' id='word_1_35' title='bbox 1083 887 1191 960; x_wconf 84' lang='lat' dir='ltr'><strong>aquas</strong></span> <span class='ocrx_word' id='word_1_36' title='bbox 1208 879 1244 937; x_wconf 91' lang='lat' dir='ltr'><strong>et</strong></span> <span class='ocrx_word' id='word_1_37' title='bbox 1260 889 1334 939; x_wconf 90' lang='lat' dir='ltr'><strong>non</strong></span> 
     </span>
     <span class='ocr_line' id='line_1_6' title="bbox 221 974 1334 1055; baseline 0.004 -7"><span class='ocrx_word' id='word_1_38' title='bbox 221 1009 239 1048; x_wconf 71' lang='lat' dir='ltr'><strong>s</strong></span> <span class='ocrx_word' id='word_1_39' title='bbox 271 993 353 1052; x_wconf 92' lang='lat' dir='ltr'><strong>sunt</strong></span> <span class='ocrx_word' id='word_1_40' title='bbox 378 979 528 1052; x_wconf 85' lang='lat' dir='ltr'><strong>divisae:</strong></span> <span class='ocrx_word' id='word_1_41' title='bbox 543 991 579 1050; x_wconf 91' lang='lat' dir='ltr'><strong>et</strong></span> <span class='ocrx_word' id='word_1_42' title='bbox 595 977 685 1050; x_wconf 80' lang='lat' dir='ltr'><strong>dixit</strong></span> <span class='ocrx_word' id='word_1_43' title='bbox 709 974 771 1048; x_wconf 94' lang='lat' dir='ltr'><strong>ubi</strong></span> <span class='ocrx_word' id='word_1_44' title='bbox 788 991 841 1049; x_wconf 86' lang='lat' dir='ltr'><strong>cst</strong></span> <span class='ocrx_word' id='word_1_45' title='bbox 857 979 950 1052; x_wconf 81' lang='lat' dir='ltr'><strong>Deos</strong></span> <span class='ocrx_word' id='word_1_46' title='bbox 974 981 1070 1052; x_wconf 77' lang='lat' dir='ltr'><strong>Elias</strong></span> <span class='ocrx_word' id='word_1_47' title='bbox 1092 982 1196 1052; x_wconf 89' lang='lat' dir='ltr'><strong>etiam</strong></span> <span class='ocrx_word' id='word_1_48' title='bbox 1215 979 1334 1055; x_wconf 76' lang='lat' dir='ltr'><strong>nnnc?</strong></span> 
     </span>
     <span class='ocr_line' id='line_1_7' title="bbox 221 1090 1392 1188; baseline 0.003 -24"><span class='ocrx_word' id='word_1_49' title='bbox 221 1123 239 1164; x_wconf 72' lang='lat' dir='ltr'><strong>a</strong></span> <span class='ocrx_word' id='word_1_50' title='bbox 267 1095 510 1187; x_wconf 86' lang='lat' dir='ltr'><strong>Percussitque</strong></span> <span class='ocrx_word' id='word_1_51' title='bbox 533 1113 641 1186; x_wconf 88' lang='lat' dir='ltr'><strong>aquas</strong></span> <span class='ocrx_word' id='word_1_52' title='bbox 660 1103 695 1162; x_wconf 92' lang='lat' dir='ltr'><strong>et</strong></span> <span class='ocrx_word' id='word_1_53' title='bbox 712 1090 842 1162; x_wconf 90' lang='lat' dir='ltr'><strong>divisae</strong></span> <span class='ocrx_word' id='word_1_54' title='bbox 866 1104 949 1162; x_wconf 91' lang='lat' dir='ltr'><strong>sunt</strong></span> <span class='ocrx_word' id='word_1_55' title='bbox 965 1093 1035 1164; x_wconf 87' lang='lat' dir='ltr'><strong>huc</strong></span> <span class='ocrx_word' id='word_1_56' title='bbox 1053 1105 1158 1188; x_wconf 90' lang='lat' dir='ltr'><strong>atque</strong></span> <span class='ocrx_word' id='word_1_57' title='bbox 1174 1095 1279 1179; x_wconf 90' lang='lat' dir='ltr'><strong>illuc,</strong></span> <span class='ocrx_word' id='word_1_58' title='bbox 1300 1107 1336 1166; x_wconf 88' lang='lat' dir='ltr'><strong>et</strong></span> <span class='ocrx_word' id='word_1_59' title='bbox 1390 1163 1392 1167; x_wconf 85' lang='lat'>.</span> 
     </span>
     <span class='ocr_line' id='line_1_8' title="bbox 220 1206 1335 1306; baseline 0.004 -28"><span class='ocrx_word' id='word_1_60' title='bbox 220 1236 240 1278; x_wconf 82' lang='lat' dir='ltr'><strong>u</strong></span> <span class='ocrx_word' id='word_1_61' title='bbox 267 1210 405 1282; x_wconf 87' lang='lat' dir='ltr'><strong>transiit</strong></span> <span class='ocrx_word' id='word_1_62' title='bbox 428 1209 577 1280; x_wconf 85' lang='lat' dir='ltr'><strong>Eliseus.</strong></span> <span class='ocrx_word' id='word_1_63' title='bbox 596 1235 615 1274; x_wconf 80' lang='lat' dir='ltr'><strong>u</strong></span> <span class='ocrx_word' id='word_1_64' title='bbox 643 1207 787 1280; x_wconf 84' lang='lat' dir='ltr'><strong>Constat</strong></span> <span class='ocrx_word' id='word_1_65' title='bbox 810 1229 853 1278; x_wconf 87' lang='lat' dir='ltr'><strong>er</strong></span> <span class='ocrx_word' id='word_1_66' title='bbox 877 1207 932 1278; x_wconf 90' lang='lat' dir='ltr'><strong>his</strong></span> <span class='ocrx_word' id='word_1_67' title='bbox 955 1206 1122 1280; x_wconf 88' lang='lat' dir='ltr'><strong>omnibus</strong></span> <span class='ocrx_word' id='word_1_68' title='bbox 1141 1209 1253 1280; x_wconf 79' lang='lat' dir='ltr'><strong>liliam</strong></span> <span class='ocrx_word' id='word_1_69' title='bbox 1271 1233 1335 1306; x_wconf 88' lang='lat' dir='ltr'><strong>per</strong></span> 
     </span>
    </p>
   </div>
   <div class='ocr_carea' id='block_1_3' title="bbox 199 1321 1415 4394">
    <p class='ocr_par' dir='ltr' id='par_1_3' title="bbox 199 1321 1415 2562">
     <span class='ocr_line' id='line_1_9' title="bbox 216 1321 1415 1419; baseline 0.005 -23"><span class='ocrx_word' id='word_1_70' title='bbox 216 1325 273 1396; x_wconf 84' lang='lat' dir='ltr'><strong>sui</strong></span> <span class='ocrx_word' id='word_1_71' title='bbox 300 1323 399 1419; x_wconf 82' lang='lat' dir='ltr'><strong>pallii</strong></span> <span class='ocrx_word' id='word_1_72' title='bbox 425 1324 679 1410; x_wconf 86' lang='lat' dir='ltr'><strong>immissionem</strong></span> <span class='ocrx_word' id='word_1_73' title='bbox 705 1321 915 1418; x_wconf 87' lang='lat' dir='ltr'><strong>prophetam</strong></span> <span class='ocrx_word' id='word_1_74' title='bbox 941 1325 1165 1417; x_wconf 84' lang='lat' dir='ltr'><strong>inaugurasse</strong></span> <span class='ocrx_word' id='word_1_75' title='bbox 1182 1325 1335 1396; x_wconf 88' lang='lat' dir='ltr'><strong>Eliseum</strong></span> <span class='ocrx_word' id='word_1_76' title='bbox 1412 1395 1415 1402; x_wconf 82' lang='grc'>,</span> 
     </span>
     <span class='ocr_line' id='line_1_10' title="bbox 199 1435 1336 1532; baseline -0.002 -20"><span class='ocrx_word' id='word_1_77' title='bbox 199 1452 344 1532; x_wconf 82' lang='lat' dir='ltr'><strong>atque,</strong></span> <span class='ocrx_word' id='word_1_78' title='bbox 359 1438 435 1510; x_wconf 88' lang='lat' dir='ltr'><strong>Elia</strong></span> <span class='ocrx_word' id='word_1_79' title='bbox 460 1435 688 1516; x_wconf 82' lang='lat' dir='ltr'><strong>abscedente,</strong></span> <span class='ocrx_word' id='word_1_80' title='bbox 704 1437 779 1506; x_wconf 86' lang='lat' dir='ltr'><strong>eius</strong></span> <span class='ocrx_word' id='word_1_81' title='bbox 804 1435 951 1530; x_wconf 91' lang='lat' dir='ltr'><strong>pallium</strong></span> <span class='ocrx_word' id='word_1_82' title='bbox 970 1435 1088 1507; x_wconf 85' lang='lat' dir='ltr'><strong>diviua</strong></span> <span class='ocrx_word' id='word_1_83' title='bbox 1110 1437 1336 1510; x_wconf 89' lang='lat' dir='ltr'><strong>ordinatione</strong></span> 
     </span>
     <span class='ocr_line' id='line_1_11' title="bbox 218 1537 1337 1646; baseline -0.002 -22"><span class='ocrx_word' id='word_1_84' title='bbox 218 1553 335 1624; x_wconf 87' lang='lat' dir='ltr'><strong>Elisco</strong></span> <span class='ocrx_word' id='word_1_85' title='bbox 361 1537 588 1629; x_wconf 84' lang='lat' dir='ltr'><strong>derelictum,</strong></span> <span class='ocrx_word' id='word_1_86' title='bbox 615 1571 689 1644; x_wconf 90' lang='lat' dir='ltr'><strong>quo</strong></span> <span class='ocrx_word' id='word_1_87' title='bbox 711 1551 813 1643; x_wconf 80' lang='lat' dir='ltr'><strong>signo</strong></span> <span class='ocrx_word' id='word_1_88' title='bbox 837 1549 1209 1642; x_wconf 74' lang='lat' dir='ltr'><strong>intelligereturssliae</strong></span> <span class='ocrx_word' id='word_1_89' title='bbox 1233 1551 1337 1646; x_wconf 91' lang='lat' dir='ltr'><strong>spiri-</strong></span> 
     </span>
     <span class='ocr_line' id='line_1_12' title="bbox 220 1662 1409 1758; baseline 0.001 -23"><span class='ocrx_word' id='word_1_90' title='bbox 220 1677 276 1738; x_wconf 90' lang='lat' dir='ltr'><strong>tus</strong></span> <span class='ocrx_word' id='word_1_91' title='bbox 301 1669 337 1736; x_wconf 95' lang='lat' dir='ltr'><strong>in</strong></span> <span class='ocrx_word' id='word_1_92' title='bbox 361 1665 516 1738; x_wconf 84' lang='lat' dir='ltr'><strong>Eliseum</strong></span> <span class='ocrx_word' id='word_1_93' title='bbox 541 1663 650 1734; x_wconf 86' lang='lat' dir='ltr'><strong>veluti</strong></span> <span class='ocrx_word' id='word_1_94' title='bbox 683 1662 895 1734; x_wconf 85' lang='lat' dir='ltr'><strong>transfusus:</strong></span> <span class='ocrx_word' id='word_1_95' title='bbox 924 1663 1076 1734; x_wconf 84' lang='lat' dir='ltr'><strong>Eliseum</strong></span> <span class='ocrx_word' id='word_1_96' title='bbox 1109 1663 1262 1758; x_wconf 83' lang='lat' dir='ltr'><strong>denique</strong></span> <span class='ocrx_word' id='word_1_97' title='bbox 1292 1688 1336 1736; x_wconf 89' lang='lat' dir='ltr'><strong>eo</strong></span> <span class='ocrx_word' id='word_1_98' title='bbox 1407 1751 1409 1758; x_wconf 28' lang='grc' dir='ltr'>Ι</span> 
     </span>
     <span class='ocr_line' id='line_1_13' title="bbox 218 1777 1338 1877; baseline 0 -25"><span class='ocrx_word' id='word_1_99' title='bbox 218 1782 329 1877; x_wconf 90' lang='lat' dir='ltr'><strong>pallio</strong></span> <span class='ocrx_word' id='word_1_100' title='bbox 364 1803 467 1852; x_wconf 90' lang='lat' dir='ltr'><strong>usum</strong></span> <span class='ocrx_word' id='word_1_101' title='bbox 490 1778 535 1850; x_wconf 92' lang='lat' dir='ltr'><strong>ad</strong></span> <span class='ocrx_word' id='word_1_102' title='bbox 562 1778 657 1850; x_wconf 87' lang='lat' dir='ltr'><strong>Eliae</strong></span> <span class='ocrx_word' id='word_1_103' title='bbox 679 1801 803 1873; x_wconf 88' lang='lat' dir='ltr'><strong>opera,</strong></span> <span class='ocrx_word' id='word_1_104' title='bbox 824 1777 991 1848; x_wconf 88' lang='lat' dir='ltr'><strong>miracula</strong></span> <span class='ocrx_word' id='word_1_105' title='bbox 1021 1780 1240 1872; x_wconf 87' lang='lat' dir='ltr'><strong>praesertim,</strong></span> <span class='ocrx_word' id='word_1_106' title='bbox 1256 1802 1338 1874; x_wconf 87' lang='lat' dir='ltr'><strong>per-</strong></span> 
     </span>
     <span class='ocr_line' id='line_1_14' title="bbox 218 1893 1338 1994; baseline -0.004 -23"><span class='ocrx_word' id='word_1_107' title='bbox 218 1897 404 1994; x_wconf 84' lang='lat' dir='ltr'><strong>petranda.</strong></span> <span class='ocrx_word' id='word_1_108' title='bbox 445 1899 557 1968; x_wconf 90' lang='lat' dir='ltr'><strong>Porro</strong></span> <span class='ocrx_word' id='word_1_109' title='bbox 585 1907 719 1989; x_wconf 92' lang='lat' dir='ltr'><strong>quanto</strong></span> <span class='ocrx_word' id='word_1_110' title='bbox 743 1895 779 1964; x_wconf 95' lang='lat' dir='ltr'><strong>in</strong></span> <span class='ocrx_word' id='word_1_111' title='bbox 805 1893 942 1964; x_wconf 89' lang='lat' dir='ltr'><strong>honore</strong></span> <span class='ocrx_word' id='word_1_112' title='bbox 969 1893 1223 1988; x_wconf 83' lang='lat' dir='ltr'><strong>Prophetarum</strong></span> <span class='ocrx_word' id='word_1_113' title='bbox 1248 1895 1338 1966; x_wconf 91' lang='lat' dir='ltr'><strong>alic-</strong></span> 
     </span>
     <span class='ocr_line' id='line_1_15' title="bbox 215 2007 1338 2106; baseline -0.004 -24"><span class='ocrx_word' id='word_1_114' title='bbox 215 2035 366 2106; x_wconf 87' lang='lat' dir='ltr'><strong>rumque</strong></span> <span class='ocrx_word' id='word_1_115' title='bbox 392 2010 522 2082; x_wconf 82' lang='lat' dir='ltr'><strong>veteris</strong></span> <span class='ocrx_word' id='word_1_116' title='bbox 547 2007 701 2080; x_wconf 81' lang='lat' dir='ltr'><strong>foederis</strong></span> <span class='ocrx_word' id='word_1_117' title='bbox 726 2008 918 2100; x_wconf 88' lang='lat' dir='ltr'><strong>insignium</strong></span> <span class='ocrx_word' id='word_1_118' title='bbox 943 2007 1102 2077; x_wconf 84' lang='lat' dir='ltr'><strong>virorum</strong></span> <span class='ocrx_word' id='word_1_119' title='bbox 1126 2020 1220 2101; x_wconf 84' lang='lat' dir='ltr'><strong>gesta</strong></span> <span class='ocrx_word' id='word_1_120' title='bbox 1242 2007 1338 2102; x_wconf 90' lang='lat' dir='ltr'><strong>apud</strong></span> 
     </span>
     <span class='ocr_line' id='line_1_16' title="bbox 217 2121 1336 2216; baseline -0.004 -19"><span class='ocrx_word' id='word_1_121' title='bbox 217 2125 432 2198; x_wconf 81' lang='lat' dir='ltr'><strong>Christianos</strong></span> <span class='ocrx_word' id='word_1_122' title='bbox 444 2125 644 2206; x_wconf 81' lang='lat' dir='ltr'><strong>existerent,</strong></span> <span class='ocrx_word' id='word_1_123' title='bbox 658 2123 832 2194; x_wconf 86' lang='lat' dir='ltr'><strong>Ecclesiae</strong></span> <span class='ocrx_word' id='word_1_124' title='bbox 850 2123 1074 2216; x_wconf 87' lang='lat' dir='ltr'><strong>antiqnitates</strong></span> <span class='ocrx_word' id='word_1_125' title='bbox 1091 2121 1336 2194; x_wconf 81' lang='lat' dir='ltr'><strong>demonstrant</strong></span> 
     </span>
     <span class='ocr_line' id='line_1_17' title="bbox 211 2235 1336 2334; baseline -0.005 -22"><span class='ocrx_word' id='word_1_126' title='bbox 211 2254 249 2312; x_wconf 90' lang='lat' dir='ltr'><strong>et</strong></span> <span class='ocrx_word' id='word_1_127' title='bbox 275 2241 450 2334; x_wconf 87' lang='lat' dir='ltr'><strong>imprimis</strong></span> <span class='ocrx_word' id='word_1_128' title='bbox 475 2239 605 2334; x_wconf 88' lang='lat' dir='ltr'><strong>prioris</strong></span> <span class='ocrx_word' id='word_1_129' title='bbox 632 2239 753 2310; x_wconf 89' lang='lat' dir='ltr'><strong>aetatis</strong></span> <span class='ocrx_word' id='word_1_130' title='bbox 780 2249 1010 2308; x_wconf 87' lang='lat' dir='ltr'><strong>monumenta</strong></span> <span class='ocrx_word' id='word_1_131' title='bbox 1035 2259 1126 2330; x_wconf 90' lang='lat' dir='ltr'><strong>quae</strong></span> <span class='ocrx_word' id='word_1_132' title='bbox 1146 2235 1336 2330; x_wconf 85' lang='lat' dir='ltr'><strong>frequenti,</strong></span> 
     </span>
     <span class='ocr_line' id='line_1_18' title="bbox 218 2352 1338 2449; baseline -0.004 -23"><span class='ocrx_word' id='word_1_133' title='bbox 218 2354 402 2428; x_wconf 86' lang='lat' dir='ltr'><strong>recondita</strong></span> <span class='ocrx_word' id='word_1_134' title='bbox 436 2377 540 2449; x_wconf 87' lang='lat' dir='ltr'><strong>saepe</strong></span> <span class='ocrx_word' id='word_1_135' title='bbox 567 2353 708 2447; x_wconf 89' lang='lat' dir='ltr'><strong>saepius</strong></span> <span class='ocrx_word' id='word_1_136' title='bbox 740 2353 901 2432; x_wconf 87' lang='lat' dir='ltr'><strong>ratione,</strong></span> <span class='ocrx_word' id='word_1_137' title='bbox 929 2352 1112 2446; x_wconf 90' lang='lat' dir='ltr'><strong>utriusque</strong></span> <span class='ocrx_word' id='word_1_138' title='bbox 1142 2353 1338 2424; x_wconf 85' lang='lat' dir='ltr'><strong>testamenti</strong></span> 
     </span>
     <span class='ocr_line' id='line_1_19' title="bbox 212 2465 1204 2562; baseline -0.007 -19"><span class='ocrx_word' id='word_1_139' title='bbox 212 2471 460 2542; x_wconf 89' lang='lat' dir='ltr'><strong>oeconomiam</strong></span> <span class='ocrx_word' id='word_1_140' title='bbox 485 2468 708 2540; x_wconf 91' lang='lat' dir='ltr'><strong>coniunctam</strong></span> <span class='ocrx_word' id='word_1_141' title='bbox 734 2490 773 2538; x_wconf 91' lang='lat' dir='ltr'><strong>ac</strong></span> <span class='ocrx_word' id='word_1_142' title='bbox 798 2467 1005 2562; x_wconf 89' lang='lat' dir='ltr'><strong>dispositam</strong></span> <span class='ocrx_word' id='word_1_143' title='bbox 1026 2465 1204 2538; x_wconf 79' lang='lat' dir='ltr'><strong>exhibent.</strong></span> 
     </span>
    </p>

    <p class='ocr_par' dir='ltr' id='par_1_4' title="bbox 203 2580 1343 3808">
     <span class='ocr_line' id='line_1_20' title="bbox 292 2580 1339 2676; baseline -0.001 -21"><span class='ocrx_word' id='word_1_144' title='bbox 292 2583 349 2656; x_wconf 94' lang='lat' dir='ltr'><strong>Ad</strong></span> <span class='ocrx_word' id='word_1_145' title='bbox 367 2583 599 2654; x_wconf 89' lang='lat' dir='ltr'><strong>Christianam</strong></span> <span class='ocrx_word' id='word_1_146' title='bbox 623 2580 721 2676; x_wconf 90' lang='lat' dir='ltr'><strong>quod</strong></span> <span class='ocrx_word' id='word_1_147' title='bbox 740 2583 864 2652; x_wconf 89' lang='lat' dir='ltr'><strong>attinet</strong></span> <span class='ocrx_word' id='word_1_148' title='bbox 876 2581 1092 2665; x_wconf 83' lang='lat' dir='ltr'><strong>Ecclesiam,</strong></span> <span class='ocrx_word' id='word_1_149' title='bbox 1105 2583 1139 2652; x_wconf 85' lang='lat' dir='ltr'><strong>S.</strong></span> <span class='ocrx_word' id='word_1_150' title='bbox 1156 2580 1252 2654; x_wconf 89' lang='lat' dir='ltr'><strong>Pauli</strong></span> <span class='ocrx_word' id='word_1_151' title='bbox 1270 2581 1339 2654; x_wconf 89' lang='lat' dir='ltr'><strong>Ae-</strong></span> 
     </span>
     <span class='ocr_line' id='line_1_21' title="bbox 215 2696 1340 2797; baseline -0.004 -27"><span class='ocrx_word' id='word_1_152' title='bbox 215 2701 327 2797; x_wconf 81' lang='lat' dir='ltr'><strong>gyptii</strong></span> <span class='ocrx_word' id='word_1_153' title='bbox 343 2699 519 2770; x_wconf 83' lang='lat' dir='ltr'><strong>Erenritae</strong></span> <span class='ocrx_word' id='word_1_154' title='bbox 544 2709 640 2793; x_wconf 82' lang='lat' dir='ltr'><strong>gesta</strong></span> <span class='ocrx_word' id='word_1_155' title='bbox 665 2697 871 2793; x_wconf 82' lang='lat' dir='ltr'><strong>praeferunt</strong></span> <span class='ocrx_word' id='word_1_156' title='bbox 889 2697 1117 2768; x_wconf 85' lang='lat' dir='ltr'><strong>Athanasium</strong></span> <span class='ocrx_word' id='word_1_157' title='bbox 1130 2696 1340 2768; x_wconf 83' lang='lat' dir='ltr'><strong>Alexandri-</strong></span> 
     </span>
     <span class='ocr_line' id='line_1_22' title="bbox 218 2810 1337 2906; baseline -0.006 -18"><span class='ocrx_word' id='word_1_158' title='bbox 218 2839 306 2888; x_wconf 90' lang='lat' dir='ltr'><strong>num</strong></span> <span class='ocrx_word' id='word_1_159' title='bbox 334 2815 534 2890; x_wconf 89' lang='lat' dir='ltr'><strong>Antistitem</strong></span> <span class='ocrx_word' id='word_1_160' title='bbox 561 2814 595 2883; x_wconf 91' lang='lat' dir='ltr'><strong>S.</strong></span> <span class='ocrx_word' id='word_1_161' title='bbox 613 2813 768 2884; x_wconf 92' lang='lat' dir='ltr'><strong>Antonio</strong></span> <span class='ocrx_word' id='word_1_162' title='bbox 783 2810 966 2882; x_wconf 90' lang='lat' dir='ltr'><strong>tradidisse</strong></span> <span class='ocrx_word' id='word_1_163' title='bbox 985 2811 1146 2906; x_wconf 87' lang='lat' dir='ltr'><strong>pallium,</strong></span> <span class='ocrx_word' id='word_1_164' title='bbox 1163 2810 1337 2905; x_wconf 83' lang='lat' dir='ltr'><strong>illudque,</strong></span> 
     </span>
     <span class='ocr_line' id='line_1_23' title="bbox 219 2926 1340 3025; baseline -0.004 -22"><span class='ocrx_word' id='word_1_165' title='bbox 219 2929 334 3004; x_wconf 88' lang='lat' dir='ltr'><strong>Paulo</strong></span> <span class='ocrx_word' id='word_1_166' title='bbox 366 2931 444 3025; x_wconf 87' lang='lat' dir='ltr'><strong>ipso</strong></span> <span class='ocrx_word' id='word_1_167' title='bbox 469 2927 683 3024; x_wconf 87' lang='lat' dir='ltr'><strong>postulante,</strong></span> <span class='ocrx_word' id='word_1_168' title='bbox 700 2926 745 2999; x_wconf 92' lang='lat' dir='ltr'><strong>ad</strong></span> <span class='ocrx_word' id='word_1_169' title='bbox 769 2951 873 2998; x_wconf 86' lang='lat' dir='ltr'><strong>suum</strong></span> <span class='ocrx_word' id='word_1_170' title='bbox 903 2950 1032 3021; x_wconf 91' lang='lat' dir='ltr'><strong>corpus</strong></span> <span class='ocrx_word' id='word_1_171' title='bbox 1061 2949 1129 3022; x_wconf 91' lang='lat' dir='ltr'><strong>pro</strong></span> <span class='ocrx_word' id='word_1_172' title='bbox 1159 2927 1340 3020; x_wconf 88' lang='lat' dir='ltr'><strong>sepultura</strong></span> 
     </span>
     <span class='ocr_line' id='line_1_24' title="bbox 221 3040 1341 3142; baseline -0.006 -23"><span class='ocrx_word' id='word_1_173' title='bbox 221 3044 456 3142; x_wconf 89' lang='lat' dir='ltr'><strong>operiendum</strong></span> <span class='ocrx_word' id='word_1_174' title='bbox 471 3044 577 3114; x_wconf 89' lang='lat' dir='ltr'><strong>fuisse</strong></span> <span class='ocrx_word' id='word_1_175' title='bbox 590 3041 800 3116; x_wconf 87' lang='lat' dir='ltr'><strong>adhibitum.</strong></span> <span class='ocrx_word' id='word_1_176' title='bbox 816 3040 1078 3126; x_wconf 82' lang='lat' dir='ltr'><strong>«Quamobrem</strong></span> <span class='ocrx_word' id='word_1_177' title='bbox 1091 3063 1222 3137; x_wconf 89' lang='lat' dir='ltr'><strong>quaeso</strong></span> <span class='ocrx_word' id='word_1_178' title='bbox 1232 3065 1341 3136; x_wconf 79' lang='lat' dir='ltr'><strong>perge</strong></span> 
     </span>
     <span class='ocr_line' id='line_1_25' title="bbox 224 3155 1341 3253; baseline -0.004 -23"><span class='ocrx_word' id='word_1_179' title='bbox 224 3191 245 3230; x_wconf 70' lang='lat' dir='ltr'><strong>a</strong></span> <span class='ocrx_word' id='word_1_180' title='bbox 273 3162 339 3232; x_wconf 88' lang='lat' dir='ltr'><strong>nisi</strong></span> <span class='ocrx_word' id='word_1_181' title='bbox 352 3160 540 3234; x_wconf 88' lang='lat' dir='ltr'><strong>molestum</strong></span> <span class='ocrx_word' id='word_1_182' title='bbox 560 3171 612 3234; x_wconf 85' lang='lat' dir='ltr'><strong>est</strong></span> <span class='ocrx_word' id='word_1_183' title='bbox 625 3169 660 3230; x_wconf 88' lang='lat' dir='ltr'><strong>et</strong></span> <span class='ocrx_word' id='word_1_184' title='bbox 673 3157 817 3253; x_wconf 88' lang='lat' dir='ltr'><strong>pallium</strong></span> <span class='ocrx_word' id='word_1_185' title='bbox 836 3156 936 3250; x_wconf 92' lang='lat' dir='ltr'><strong>quod</strong></span> <span class='ocrx_word' id='word_1_186' title='bbox 950 3155 1015 3227; x_wconf 94' lang='lat' dir='ltr'><strong>tibi</strong></span> <span class='ocrx_word' id='word_1_187' title='bbox 1034 3157 1245 3228; x_wconf 84' lang='lat' dir='ltr'><strong>Athanasius</strong></span> <span class='ocrx_word' id='word_1_188' title='bbox 1257 3158 1341 3251; x_wconf 83' lang='lat' dir='ltr'><strong>Epi-</strong></span> 
     </span>
     <span class='ocr_line' id='line_1_26' title="bbox 228 3271 1341 3371; baseline -0.004 -25"><span class='ocrx_word' id='word_1_189' title='bbox 228 3299 401 3371; x_wconf 82' lang='lat' dir='ltr'><strong>»scopus</strong></span> <span class='ocrx_word' id='word_1_190' title='bbox 430 3274 549 3357; x_wconf 88' lang='lat' dir='ltr'><strong>dedit,</strong></span> <span class='ocrx_word' id='word_1_191' title='bbox 574 3272 620 3345; x_wconf 90' lang='lat' dir='ltr'><strong>ad</strong></span> <span class='ocrx_word' id='word_1_192' title='bbox 645 3271 910 3344; x_wconf 89' lang='lat' dir='ltr'><strong>obvolvendum</strong></span> <span class='ocrx_word' id='word_1_193' title='bbox 941 3271 1192 3365; x_wconf 90' lang='lat' dir='ltr'><strong>corpusculum</strong></span> <span class='ocrx_word' id='word_1_194' title='bbox 1221 3293 1341 3342; x_wconf 90' lang='lat' dir='ltr'><strong>meum</strong></span> 
     </span>
     <span class='ocr_line' id='line_1_27' title="bbox 203 3365 1341 3483; baseline 0.001 -29"><span class='ocrx_word' id='word_1_195' title='bbox 203 3448 205 3454; x_wconf 83' lang='lat'><em>.</em></span> <span class='ocrx_word' id='word_1_196' title='bbox 229 3418 248 3460; x_wconf 79' lang='lat' dir='ltr'><strong>u</strong></span> <span class='ocrx_word' id='word_1_197' title='bbox 273 3389 387 3460; x_wconf 83' lang='lat' dir='ltr'><strong>defer:</strong></span> <span class='ocrx_word' id='word_1_198' title='bbox 400 3387 612 3483; x_wconf 82' lang='lat' dir='ltr'><strong>stupefactus</strong></span> <span class='ocrx_word' id='word_1_199' title='bbox 630 3384 909 3480; x_wconf 86' lang='lat' dir='ltr'><strong>Antoniusquod</strong></span> <span class='ocrx_word' id='word_1_200' title='bbox 926 3383 971 3455; x_wconf 91' lang='lat' dir='ltr'><strong>de</strong></span> <span class='ocrx_word' id='word_1_201' title='bbox 983 3384 1172 3456; x_wconf 77' lang='lat' dir='ltr'><strong>Athanasio</strong></span> <span class='ocrx_word' id='word_1_202' title='bbox 1183 3395 1218 3454; x_wconf 91' lang='lat' dir='ltr'><strong>et</strong></span> <span class='ocrx_word' id='word_1_203' title='bbox 1232 3365 1341 3479; x_wconf 84' lang='lat' dir='ltr'><strong>pallio</strong></span> 
     </span>
     <span class='ocr_line' id='line_1_28' title="bbox 230 3498 1341 3594; baseline -0.005 -18"><span class='ocrx_word' id='word_1_204' title='bbox 230 3533 248 3576; x_wconf 73' lang='lat' dir='ltr'><strong>a</strong></span> <span class='ocrx_word' id='word_1_205' title='bbox 276 3506 351 3582; x_wconf 80' lang='lat' dir='ltr'><strong>eius</strong></span> <span class='ocrx_word' id='word_1_206' title='bbox 370 3503 557 3576; x_wconf 79' lang='lat' dir='ltr'><strong>audierat»</strong></span> <span class='ocrx_word' id='word_1_207' title='bbox 574 3513 641 3572; x_wconf 89' lang='lat' dir='ltr'><strong>etc.</strong></span> <span class='ocrx_word' id='word_1_208' title='bbox 663 3503 697 3574; x_wconf 84' lang='lat' dir='ltr'><strong>S.</strong></span> <span class='ocrx_word' id='word_1_209' title='bbox 718 3503 955 3594; x_wconf 84' lang='lat' dir='ltr'><strong>Hieronymus</strong></span> <span class='ocrx_word' id='word_1_210' title='bbox 968 3501 1005 3570; x_wconf 93' lang='lat' dir='ltr'><strong>in</strong></span> <span class='ocrx_word' id='word_1_211' title='bbox 1027 3500 1097 3571; x_wconf 88' lang='lat' dir='ltr'><strong>vita</strong></span> <span class='ocrx_word' id='word_1_212' title='bbox 1114 3498 1225 3570; x_wconf 89' lang='lat' dir='ltr'><strong>Pauli.</strong></span> <span class='ocrx_word' id='word_1_213' title='bbox 1247 3500 1341 3570; x_wconf 87' lang='lat' dir='ltr'><strong>Haec</strong></span> 
     </span>
     <span class='ocr_line' id='line_1_29' title="bbox 224 3614 1343 3714; baseline -0.005 -22"><span class='ocrx_word' id='word_1_214' title='bbox 224 3643 273 3692; x_wconf 91' lang='lat' dir='ltr'><strong>eo</strong></span> <span class='ocrx_word' id='word_1_215' title='bbox 298 3617 542 3714; x_wconf 87' lang='lat' dir='ltr'><strong>dirigebantur</strong></span> <span class='ocrx_word' id='word_1_216' title='bbox 564 3628 603 3690; x_wconf 89' lang='lat' dir='ltr'><strong>ut</strong></span> <span class='ocrx_word' id='word_1_217' title='bbox 623 3617 766 3688; x_wconf 92' lang='lat' dir='ltr'><strong>Antonii</strong></span> <span class='ocrx_word' id='word_1_218' title='bbox 792 3628 826 3686; x_wconf 90' lang='lat' dir='ltr'><strong>et</strong></span> <span class='ocrx_word' id='word_1_219' title='bbox 856 3615 953 3686; x_wconf 90' lang='lat' dir='ltr'><strong>Pauli</strong></span> <span class='ocrx_word' id='word_1_220' title='bbox 979 3636 1166 3686; x_wconf 88' lang='lat' dir='ltr'><strong>consensus</strong></span> <span class='ocrx_word' id='word_1_221' title='bbox 1188 3614 1226 3685; x_wconf 92' lang='lat' dir='ltr'><strong>in</strong></span> <span class='ocrx_word' id='word_1_222' title='bbox 1250 3637 1343 3686; x_wconf 91' lang='lat' dir='ltr'><strong>asse-</strong></span> 
     </span>
     <span class='ocr_line' id='line_1_30' title="bbox 229 3728 1315 3808; baseline -0.008 0"><span class='ocrx_word' id='word_1_223' title='bbox 229 3735 339 3808; x_wconf 80' lang='lat' dir='ltr'><strong>renda</strong></span> <span class='ocrx_word' id='word_1_224' title='bbox 356 3757 438 3807; x_wconf 91' lang='lat' dir='ltr'><strong>cum</strong></span> <span class='ocrx_word' id='word_1_225' title='bbox 456 3733 646 3806; x_wconf 89' lang='lat' dir='ltr'><strong>Athanasio</strong></span> <span class='ocrx_word' id='word_1_226' title='bbox 666 3730 769 3805; x_wconf 90' lang='lat' dir='ltr'><strong>Verbi</strong></span> <span class='ocrx_word' id='word_1_227' title='bbox 787 3730 969 3802; x_wconf 89' lang='lat' dir='ltr'><strong>divinitate</strong></span> <span class='ocrx_word' id='word_1_228' title='bbox 992 3728 1315 3802; x_wconf 83' lang='lat' dir='ltr'><strong>commendaretur.</strong></span> 
     </span>
    </p>

    <p class='ocr_par' dir='ltr' id='par_1_5' title="bbox 229 3845 1343 4060">
     <span class='ocr_line' id='line_1_31' title="bbox 302 3845 1343 3943; baseline -0.008 -19"><span class='ocrx_word' id='word_1_229' title='bbox 302 3851 460 3924; x_wconf 85' lang='lat' dir='ltr'><strong>Vidimus</strong></span> <span class='ocrx_word' id='word_1_230' title='bbox 473 3846 711 3943; x_wconf 82' lang='lat' dir='ltr'><strong>Metrophanis</strong></span> <span class='ocrx_word' id='word_1_231' title='bbox 732 3846 881 3918; x_wconf 88' lang='lat' dir='ltr'><strong>Pallium</strong></span> <span class='ocrx_word' id='word_1_232' title='bbox 900 3868 1017 3918; x_wconf 88' lang='lat' dir='ltr'><strong>sacrae</strong></span> <span class='ocrx_word' id='word_1_233' title='bbox 1035 3867 1176 3916; x_wconf 88' lang='lat' dir='ltr'><strong>mensae</strong></span> <span class='ocrx_word' id='word_1_234' title='bbox 1192 3845 1343 3941; x_wconf 86' lang='lat' dir='ltr'><strong>imposi-</strong></span> 
     </span>
     <span class='ocr_line' id='line_1_32' title="bbox 229 3959 1311 4060; baseline -0.006 -22"><span class='ocrx_word' id='word_1_235' title='bbox 229 3979 327 4047; x_wconf 84' lang='lat' dir='ltr'><strong>tum,</strong></span> <span class='ocrx_word' id='word_1_236' title='bbox 353 3964 514 4059; x_wconf 89' lang='lat' dir='ltr'><strong>illudque</strong></span> <span class='ocrx_word' id='word_1_237' title='bbox 538 3965 655 4060; x_wconf 90' lang='lat' dir='ltr'><strong>ipsum</strong></span> <span class='ocrx_word' id='word_1_238' title='bbox 680 3963 870 4036; x_wconf 86' lang='lat' dir='ltr'><strong>successori</strong></span> <span class='ocrx_word' id='word_1_239' title='bbox 894 3959 1096 4034; x_wconf 82' lang='lat' dir='ltr'><strong>Alexandro</strong></span> <span class='ocrx_word' id='word_1_240' title='bbox 1120 3973 1311 4034; x_wconf 87' lang='lat' dir='ltr'><strong>servatum.</strong></span> 
     </span>
    </p>

    <p class='ocr_par' dir='ltr' id='par_1_6' title="bbox 231 4076 1354 4394">
     <span class='ocr_line' id='line_1_33' title="bbox 302 4076 1343 4174; baseline -0.008 -22"><span class='ocrx_word' id='word_1_241' title='bbox 302 4083 352 4152; x_wconf 87' lang='lat' dir='ltr'><strong>Er</strong></span> <span class='ocrx_word' id='word_1_242' title='bbox 375 4081 496 4154; x_wconf 90' lang='lat' dir='ltr'><strong>Niceta</strong></span> <span class='ocrx_word' id='word_1_243' title='bbox 521 4078 743 4174; x_wconf 84' lang='lat' dir='ltr'><strong>Paphlagone</strong></span> <span class='ocrx_word' id='word_1_244' title='bbox 766 4078 804 4147; x_wconf 90' lang='lat' dir='ltr'><strong>iu</strong></span> <span class='ocrx_word' id='word_1_245' title='bbox 828 4078 899 4150; x_wconf 87' lang='lat' dir='ltr'><strong>vita</strong></span> <span class='ocrx_word' id='word_1_246' title='bbox 931 4079 966 4149; x_wconf 89' lang='lat' dir='ltr'><strong>S.</strong></span> <span class='ocrx_word' id='word_1_247' title='bbox 996 4077 1121 4171; x_wconf 85' lang='lat' dir='ltr'><strong>Ignatii</strong></span> <span class='ocrx_word' id='word_1_248' title='bbox 1145 4076 1343 4148; x_wconf 85' lang='lat' dir='ltr'><strong>Constanti·</strong></span> 
     </span>
     <span class='ocr_line' id='line_1_34' title="bbox 231 4190 1343 4291; baseline -0.008 -23"><span class='ocrx_word' id='word_1_249' title='bbox 231 4196 427 4291; x_wconf 89' lang='lat' dir='ltr'><strong>nopolitani</strong></span> <span class='ocrx_word' id='word_1_250' title='bbox 455 4193 639 4266; x_wconf 87' lang='lat' dir='ltr'><strong>habemus.</strong></span> <span class='ocrx_word' id='word_1_251' title='bbox 675 4192 814 4264; x_wconf 76' lang='lat' dir='ltr'><strong>«Illum</strong></span> <span class='ocrx_word' id='word_1_252' title='bbox 842 4216 943 4266; x_wconf 90' lang='lat' dir='ltr'><strong>sacro</strong></span> <span class='ocrx_word' id='word_1_253' title='bbox 973 4190 1191 4288; x_wconf 89' lang='lat' dir='ltr'><strong>patriarchae</strong></span> <span class='ocrx_word' id='word_1_254' title='bbox 1215 4202 1343 4262; x_wconf 90' lang='lat' dir='ltr'><strong>ornatu</strong></span> 
     </span>
     <span class='ocr_line' id='line_1_35' title="bbox 233 4301 1354 4394; baseline -0.007 -12"><span class='ocrx_word' id='word_1_255' title='bbox 233 4338 252 4382; x_wconf 71' lang='lat' dir='ltr'><strong>n</strong></span> <span class='ocrx_word' id='word_1_256' title='bbox 279 4333 324 4384; x_wconf 79' lang='lat' dir='ltr'><strong>ex</strong></span> <span class='ocrx_word' id='word_1_257' title='bbox 352 4332 453 4383; x_wconf 86' lang='lat' dir='ltr'><strong>more</strong></span> <span class='ocrx_word' id='word_1_258' title='bbox 481 4308 664 4384; x_wconf 91' lang='lat' dir='ltr'><strong>domestici</strong></span> <span class='ocrx_word' id='word_1_259' title='bbox 695 4309 874 4394; x_wconf 84' lang='lat' dir='ltr'><strong>vestiunt,</strong></span> <span class='ocrx_word' id='word_1_260' title='bbox 898 4320 936 4382; x_wconf 88' lang='lat' dir='ltr'><strong>et</strong></span> <span class='ocrx_word' id='word_1_261' title='bbox 960 4306 1201 4382; x_wconf 86' lang='lat' dir='ltr'><strong>venerandum</strong></span> <span class='ocrx_word' id='word_1_262' title='bbox 1226 4301 1354 4378; x_wconf 90' lang='lat' dir='ltr'><strong>lacobi·</strong></span> 
     </span>
    </p>
   </div>
   <div class='ocr_carea' id='block_1_4' title="bbox 0 0 1722 5222">
    <p class='ocr_par' dir='ltr' id='par_1_7' title="bbox 0 0 1722 5222">
     <span class='ocr_line' id='line_1_36' title="bbox 0 0 1722 5222; baseline 0 0"><span class='ocrx_word' id='word_1_263' title='bbox 0 0 1722 5222; x_wconf 95' lang='lat' dir='ltr'><strong> </strong></span> 
     </span>
    </p>
   </div>
  </div>
 </body>
</html>
