3402 5222
653 399 830 462 ...21-

180 539 323 640 insoper
348 535 575 604 lastinianum
600 531 850 626 Imperatorem
867 529 961 600 idem
980 517 1203 624 privilegium
1220 529 1294 601 lla-

180 652 333 721 ximiano
359 647 614 720 Ravennatensi
642 646 817 740 Episcopo
838 645 1063 720 concessisse.

252 765 414 834 Attamen
440 761 518 855 quis
541 761 732 854 genuinum
759 757 904 831 habebit
929 758 1112 853 imperiale
1136 757 1294 852 diploma

179 901 253 972 quo
267 875 580 972 archiepiscopalis
595 875 744 970 dignitas
762 873 945 955 tribuitur,
964 875 1166 969 provinciae
1182 872 1295 944 eccle·

180 995 336 1064 siasticae
350 992 479 1061 limites
492 1002 525 1061 et
539 988 748 1082 suffraganei
762 988 923 1084 Episcopi
938 987 1180 1083 assignantur?
1191 985 1295 1057 Plura

180 1129 266 1177 vero
292 1106 424 1178 fraudis
449 1105 576 1176 indicia
602 1103 687 1176 inibi
713 1102 905 1175 habentur:
933 1104 969 1172 in
994 1089 1221 1198 inscriptione
1243 1115 1297 1172 est

186 1221 458 1292 Valentinianus
476 1219 597 1291 Maior
615 1221 819 1315 Imperator
837 1220 975 1289 insueto
1000 1239 1145 1312 prorsus
1170 1216 1293 1295 titulo,

181 1361 221 1409 ac
239 1339 438 1432 provinciae
456 1335 726 1408 Ravennatensis
744 1335 1020 1428 circumscriptio
1039 1356 1118 1404 cum
1136 1334 1296 1427 genuinis

181 1450 279 1521 illius
297 1451 466 1544 temporis
483 1447 704 1520 documentis
724 1447 908 1542 multiplici
932 1449 1067 1518 ratione
1085 1459 1236 1542 pugnat,
1258 1460 1296 1517 ut

181 1567 352 1636 Baronius
377 1564 621 1636 animadvertit
647 1561 691 1634 ad
717 1584 848 1634 annum
864 1561 947 1632 tas.
1091 1646 1094 1650 ⁸

255 1679 435 1750 indultum
460 1681 604 1774 insuper
629 1676 832 1749 huiusmodi
857 1679 900 1746 iis
925 1690 1097 1772 repugnat
1120 1699 1211 1772 quae
1235 1677 1297 1747 ha-

182 1791 311 1864 hentur
335 1795 371 1863 in
400 1791 563 1888 pluribus
592 1793 748 1885 Gregorii
774 1793 820 1862 tt.
850 1791 1006 1885 epistolis
1030 1792 1121 1862 circa
1149 1791 1296 1861 Pailium

181 1907 461 2002 Archiepiscopis
485 1904 809 1977 Ravennatensibus
838 1927 1059 1986 eoncessum,
1089 1929 1169 1977 cum
1195 1928 1297 2001 prae·

181 2023 304 2092 sertim
318 2021 548 2092 Valentiniani
560 2020 739 2091 indultum
754 2019 799 2090 ad
810 2021 920 2114 ipsius
934 2019 1098 2091 iohannis
1110 2041 1297 2115 personam

182 2135 277 2207 haud
308 2147 558 2206 coarctaretur.
587 2133 733 2204 Nullum
759 2155 869 2228 porro
894 2135 930 2203 iu
959 2135 1117 2228 Gregorii
1143 2135 1298 2229 epistolis

182 2250 227 2322 de
245 2249 308 2320 illo
326 2248 381 2321 vel
402 2250 507 2320 simili
524 2249 750 2344 imperatoris
775 2247 960 2345 privilegio
977 2247 1297 2320 Ravennatensibus

182 2367 363 2461 Episcopis
379 2363 522 2446 tradito,
538 2363 704 2434 indicium
722 2365 888 2436 occurrit.
906 2363 1054 2434 Pailium
1067 2387 1110 2434 ex
1127 2365 1296 2458 Gregorio

180 2479 423 2574 expostulatur
449 2477 652 2574 etquidem
683 2480 815 2551 iteratis
840 2477 1024 2574 precibus,
1051 2480 1188 2551 licentia
1213 2481 1298 2550 item

180 2594 270 2664 illud
296 2594 440 2688 gerendi
465 2596 502 2664 in
529 2593 681 2665 litaniis:
699 2595 946 2666 intercessores
970 2594 1065 2689 apud
1090 2596 1298 2689 Gregorium

181 2711 218 2779 in
252 2709 408 2780 favorem
441 2709 703 2804 Archiepiscopi
737 2707 828 2781 fiunt
853 2712 1015 2782 Patritius
1041 2723 1077 2782 et
1102 2710 1297 2782 Praefectus
1405 2799 1409 2806 ¹

182 2827 459 2897 Ravennatenses
484 2827 662 2920 praecipui
683 2825 879 2896 administri
900 2847 965 2920 per
987 2826 1123 2898 ltaliam
1143 2827 1298 2922 impera-

182 2941 271 3012 toris
295 2940 488 3034 Byzantini.
510 2939 669 3012 Pontifex
686 2939 832 3011 iohanni
857 2941 1030 3036 Episcopo
1046 2942 1298 3012 Ravennatensi

142 3133 146 3140 ‚
182 3056 329 3128 Pailium
349 3055 533 3149 elargitur,
555 3055 780 3151 apostolicae
799 3054 901 3124 Sedis
918 3054 1158 3128 benevolentia
1178 3071 1213 3125 et
1230 3077 1299 3126 an-

182 3169 306 3264 tiquae
318 3167 585 3239 consuetudinis
598 3167 726 3250 ordine
733 3187 946 3266 provocatus
958 3167 1071 3240 ltav.
1082 3193 1139 3264 cp.
1153 3171 1188 3240 5.
1205 3170 1298 3255 Quid

183 3285 305 3380 plura:
322 3285 367 3358 ad
384 3285 501 3379 ipsum
519 3284 711 3356 iohannem
727 3286 950 3380 rescripserat
968 3285 993 3355 l.
1010 3286 1070 3355 lll.
1086 3307 1144 3379 ep.
1160 3287 1220 3356 56.
1240 3285 1299 3356 «Si

188 3427 204 3466 u
232 3407 314 3471 tuae
334 3399 507 3470 Ecclesiae
526 3399 660 3494 aliquid
679 3399 876 3495 specialiter
888 3400 972 3471 dicit
992 3423 1066 3472 esse
1079 3417 1318 3482 concessum,

74 3585 85 3598 ,
187 3544 203 3582 »
233 3527 456 3610 praeceptum
472 3537 491 3586 a
506 3514 685 3611 prioribus
698 3517 864 3587 Romanis
877 3513 1197 3610 Pontificibus,quo
1210 3513 1299 3585 haec

186 3658 204 3696 u
231 3626 433 3701 Ravennati
457 3628 640 3700 Ecclesiae
669 3647 751 3700 sunt
778 3654 958 3708 concessa,
987 3653 1007 3702 a
1032 3628 1134 3712 vobis
1158 3643 1300 3725 oportet

186 3773 203 3810 u
231 3744 381 3816 ostendi.
411 3773 427 3808 2>
466 3744 702 3839 Apertissimis
730 3743 847 3816 verbis
876 3768 919 3816 ex
948 3744 1170 3839 apostolicae
1202 3744 1299 3816 Sedis

182 3859 325 3930 indulto
339 3862 622 3936 Ravennatenses
637 3859 817 3930 Antistites
836 3859 952 3953 primo
969 3858 1117 3930 Pailium
1136 3856 1299 3932 habuisse

182 3975 372 4068 Gregorius
388 3985 548 4044 testatur.
570 3975 649 4067 lpse
674 3975 796 4044 Petrus
820 3976 871 4044 De
888 3975 1003 4046 Marce
1027 3972 1185 4068 diploma
1209 3974 1299 4052 illud

182 4090 230 4158 ita
256 4101 509 4160 commemorat
533 4101 572 4159 ut
597 4089 836 4160 authenticum
862 4089 959 4165 haud
982 4087 1121 4162 habeat.
1355 4113 1358 4120 ’

257 4205 329 4275 Nec
345 4203 452 4275 video
470 4203 654 4299 quomodo
674 4206 821 4276 Maurini
846 4216 1006 4276 auctores
1030 4205 1186 4298 lsagogis
1199 4204 1299 4276 litur-

183 4318 281 4413 gicae
298 4321 344 4389 ¹in
370 4319 404 4389 S.
432 4321 641 4414 Gregorium
665 4341 742 4414 cap.
775 4322 835 4392 lll.
868 4320 933 4392 hac
958 4332 1094 4418 arrepta
1119 4321 1299 4393 occasione
