3402 5222
661 449 700 462 .-
729 413 838 472 51,-

185 557 327 616 'tantum
351 554 449 639 parte
474 523 920 634 seiu'nctum'dignoscilur.
942 535 1102 608 Profecto
1122 548 1196 606 tota
1219 534 1304 634 liaeo

189 661 480 732 indumentorum
510 657 599 728 ratio
624 668 658 726 et
685 656 858 750 imprimis
888 653 1116 724 consonantia
1141 651 1202 720 illa
1234 647 1305 721 albi

190 777 321 848 coloris
347 797 411 870 pro
431 775 568 851 tunica,
595 770 728 850 casula,
755 783 789 840 et
808 770 917 840 Pallio
938 765 1119 838 Pontificio
1144 769 1181 836 in
1205 779 1304 836 vetu-

190 893 289 963 stiori
315 914 355 962 ea
380 891 553 984 imagine,
583 888 710 958 evincit
731 888 759 956 si
779 906 852 955 non
879 883 1145 964 omnimodam,
1175 893 1212 952 ut
1239 905 1304 976 pro

179 1005 370 1101 prioribus
388 1005 535 1076 saeculis
551 1027 594 1075 ex
611 1004 700 1073 serie
714 1001 862 1072 Ostiensi
888 997 1095 1078 deducitur,
1119 998 1305 1069 maximam

191 1119 474 1192 conformitatem
487 1118 628 1190 saeculo
646 1129 758 1196 sexto,
776 1114 919 1186 redacto
936 1116 1007 1185 iam
1024 1113 1069 1184 ad
1087 1136 1214 1184 novam
1233 1113 1307 1184 sor-

191 1249 286 1307 mam
303 1237 409 1306 Sacro
424 1234 548 1314 Pallio,
566 1235 657 1304 inter
673 1231 845 1312 induendi
864 1232 1035 1322 rationem
1056 1231 1194 1300 Petriet
1216 1232 1306 1299 Pon-

192 1349 326 1422 tificum
352 1351 426 1428 eius
456 1371 708 1422 successorum.

471 1605 475 1624 ι
504 1537 529 1602 §.
551 1539 577 1589 t.
599 1532 765 1604 Triclinium
785 1519 980 1588 Lateraneuse.

267 1693 475 1788 Revocanda
500 1696 584 1766 item
609 1707 661 1766 est
686 1696 834 1765 attentio
860 1693 904 1764 ad
929 1697 1104 1764 musivum
1128 1716 1218 1787 opus
1245 1695 1308 1766 tri-

193 1808 288 1880 clinii
311 1811 571 1893 Lateranensis,
593 1810 702 1882 modo
716 1822 838 1906 patens
863 1809 908 1880 ad
934 1811 1056 1880 Sancta
1080 1811 1304 1886 Sanctorum,

194 1924 291 2018 quod
318 1947 337 1996 a
369 1927 405 1995 P.
434 1927 550 1997 Leone
576 1927 636 1996 lll.
669 1938 826 1996 erectum
863 1937 967 2019 atque
997 1936 1160 1996 ornatum
1187 1907 1308 2006 estut

194 2041 386 2130 Romanaev
401 2039 575 2112 Ecclesiae
600 2039 758 2111 defensio
792 2039 918 2110 Garolo
943 2041 1068 2133 Magno
1100 2039 1214 2108 delata
1243 2062 1307 2133 po·

194 2166 370 2225 sterorum
394 2156 585 2226 memoriae
606 2154 816 2226 traderetur.
839 2154 893 2224 Ad
919 2177 993 2224 rem
1019 2153 1117 2247 quod
1135 2155 1305 2248 pertinet,

194 2270 231 2340 in
262 2267 381 2340 abside
412 2292 526 2364 prope
558 2270 738 2342 Christum
768 2272 959 2340 Dominum
994 2269 1075 2340 hinc
1103 2269 1186 2356 inde
1214 2271 1308 2367 Apo·

195 2383 275 2456 stoli
294 2383 505 2456 exhibentur
537 2387 662 2474 tunicis
688 2369 800 2466 albis,
828 2384 945 2479 palliis
967 2386 1050 2455 item
1076 2381 1164 2456 albis
1188 2407 1309 2456 omnes
1398 2416 1404 2430 ·

195 2502 357 2570 contecti.
382 2501 422 2569 l'n
446 2486 528 2570 arcu
553 2501 716 2570 exteriori
743 2512 861 2572 autem
890 2497 945 2568 his
971 2500 1091 2569 Petrus
1117 2498 1308 2576 hincinde

196 2615 368 2686 recurrit:
396 2637 415 2686 a
439 2615 571 2686 dextris
598 2615 740 2710 quidem
774 2617 888 2686 claves
921 2638 939 2684 a
966 2615 1103 2684 Christo
1140 2615 1309 2710 accipiens

190 2731 311 2816 tunica
325 2742 359 2800 et
379 2729 498 2799 Pallio
523 2729 604 2799 albo
629 2729 800 2800 indutusz.
824 2752 843 2800 a
869 2729 1016 2800 sinistris
1040 2751 1126 2799 vero
1145 2727 1219 2823 ipse
1247 2733 1309 2799 Pe-

196 2856 271 2918 trus
295 2845 409 2926 sedet,
425 2858 520 2916 veste
537 2847 621 2916 item
640 2843 736 2928 alba,
763 2844 924 2916 Polliam
942 2843 1064 2914 album
1082 2843 1304 2936 adsarciae,
1337 2853 1341 2862 '

197 2983 258 3030 seu
276 2957 442 3029 moderni
463 2960 577 3042 Pollii
588 2959 757 3054 sormam
772 2961 877 3054 gerit,
904 2959 1069 3051 aliudque
1093 2961 1205 3031 simile
1225 2963 1310 3031 Pal-

198 3074 287 3144 lium
314 3075 436 3146 album
468 3077 575 3147 Leoni
602 3078 661 3145 lll.
691 3074 849 3147 Pontifici
873 3075 993 3146 tradit.

145 3239 146 3244 κ
271 3193 410 3262 Praeter
435 3204 651 3262 constantem
678 3191 806 3263 coloris
832 3187 1121 3264 convenientiam
1137 3195 1227 3263 inter
1256 3217 1310 3262 sa-

199 3327 298 3376 crum
323 3297 470 3376 Pallium
500 3319 535 3377 et
560 3308 779 3401 Apostolicas
806 3319 938 3388 vesteS,
972 3306 1172 3378 adnotanda
1204 3331 1310 3402 pecu·
1345 3363 1349 3372 .

198 3417 406 3492 liariterest
433 3421 550 3516 imago
577 3423 636 3493 illa
660 3425 752 3494 Petri
778 3423 926 3495 Pallium
947 3424 1055 3494 Leoni
1078 3424 1307 3517 porrigentis:

198 3535 371 3629 siquidem
403 3537 557 3608 excludit
586 3561 731 3632 prorsus
755 3537 972 3632 imperialem
1000 3537 1098 3608 Pallii
1123 3539 1306 3632 originem.

86 3721 88 3724 .
200 3651 334 3723 ludicat
360 3651 507 3724 Pallium
535 3655 720 3748 proprium
746 3677 819 3724 esse
845 3655 956 3733 Petri,
982 3675 1062 3723 cum
1094 3656 1215 3724 Petrus
1237 3657 1311 3749 ipse

199 3765 289 3837 illud
314 3767 475 3850 deferat,
497 3769 586 3839 illud
605 3793 748 3863 quoque
770 3770 878 3838 Leoni
899 3767 1026 3848 tradat,
1047 3769 1154 3840 veluti
1178 3774 1312 3864 praeci-

200 3902 311 3975 puum
330 3884 555 3956 successionis
575 3896 678 3976 atque
697 3883 919 3954 haereditatis
943 3885 1093 3976 signum.
1118 3886 1191 3955 Nisi
1218 3884 1312 3956 dica-

199 4019 277 4068 mus
302 3999 438 4092 signum
458 4021 560 4070 sensu
576 4023 727 4094 ‚prorsus
745 4021 895 4070 vacuum
921 3999 1025 4070 luisse
1044 3999 1240 4070 adhibitum
1262 4002 1314 4098 (et

200 4125 294 4184 certe
311 4113 453 4188 collatio
472 4113 652 4186 claviuma
671 4115 808 4184 Christo
822 4114 866 4184 ad
882 4118 1022 4186 Petrum
1038 4117 1073 4185 in
1089 4116 1196 4187 altera
1214 4131 1313 4214 parte

201 4249 274 4297 non
291 4239 343 4298 est
360 4229 499 4322 signum
512 4252 608 4300 mere
628 4227 853 4299 arbitrarium
871 4241 905 4299 et
923 4252 1025 4300 sensu
1047 4209 1312 4324 vacuum),exi-

194 4341 414 4430 xstimaudum
433 4357 485 4416 est
510 4347 600 4416 Petri
620 4346 728 4440 ipsius
752 4343 897 4438 pallium
918 4369 982 4440 per
1003 4344 1093 4415 illud
1120 4345 1309 4439 designari,
