3402 5222
890 371 1066 436 ...⁴2-

419 501 583 576 omnibus
606 501 717 576 fermo
741 499 960 576 documentis
984 523 1074 598 quae
1100 499 1146 572 ad
1170 513 1418 574 ornamentum
1438 499 1531 574 istud

420 601 595 714 pertinent
623 619 811 713 conspicua
840 631 920 699 est,
952 631 988 690 et
1017 613 1161 712 quidem
1187 641 1231 688 eo
1256 617 1407 688 validior
1435 618 1532 713 quod

420 734 479 818 nil⁴
495 731 696 804 huiusmodi
722 745 884 805 occurrat
914 732 960 805 de
985 733 1069 806 aliis,
1084 729 1290 802 muneribus
1314 753 1405 825 quae
1423 755 1443 803 a
1461 735 1534 804 Ro-

419 849 531 918 manis
556 845 783 920 Pontificibus
808 845 899 920 tradi
925 859 1194 918 consueverunt.
1220 847 1270 916 De
1295 843 1404 916 Pallio
1421 847 1459 917 in
1477 845 1494 916 f
1511 881 1535 899 -

420 983 543 1032 vorem
568 962 702 1056 Syagrii
731 961 1058 1056 Augustodunensis
1093 960 1179 1032 haec
1212 957 1318 1030 habet
1346 961 1535 1054 Gregorius

419 1072 498 1148 Lib.
520 1077 581 1148 tx.
601 1099 659 1172 ep.
685 1079 767 1150 tue.
792 1075 970 1148 «Pallium
989 1075 1033 1148 ad
1051 1077 1234 1146 Missurum
1251 1076 1421 1148 solemnia
1433 1088 1535 1146 uten-
1682 1069 1683 1072 ’

423 1217 441 1258 o
469 1189 556 1262 dum
581 1193 836 1264 transmisimus
854 1205 894 1264 ut
910 1193 993 1286 quia
1018 1191 1184 1262 adiuvare
1209 1191 1377 1285 spiritalia
1401 1190 1535 1262 studuit

423 1333 441 1374 n
470 1305 710 1402 (Anglioanam
722 1306 887 1380 videlicet
899 1305 1083 1402 Augustini
1105 1303 1334 1398 missionem),
1353 1305 1535 1401 Apostolo-

423 1447 441 1488 n
469 1445 552 1492 rum
564 1419 745 1518 Principis
756 1419 885 1492 solatio
903 1422 939 1492 in
958 1421 1035 1514 ipso
1052 1441 1194 1514 quoque
1211 1419 1410 1492 inveniatur
1427 1419 1535 1514 spiri-

423 1563 441 1604 n
470 1538 555 1608 tuaii
570 1536 696 1610 ordine
711 1536 911 1632 proiecisse.
930 1565 947 1603 n
968 1538 1056 1608 Item
1073 1535 1118 1606 de
1136 1535 1244 1606 Pallio
1257 1535 1293 1606 in
1312 1533 1470 1608 favorem
1479 1537 1536 1605 Le-

421 1651 522 1722 andri
540 1652 766 1748 Hispalensis,
782 1652 908 1724 litteris
919 1651 1079 1746 superius
1094 1650 1264 1745 allegatis,
1276 1651 1323 1721 ait
1332 1673 1407 1722 esse
1421 1651 1536 1722 illuda

424 1793 442 1834 a
470 1766 563 1840 beati
576 1769 667 1840 Petri
675 1766 836 1862 Apostoli
846 1767 955 1840 sede»
970 1763 1336 1840 «exherediotioneB.
1347 1766 1438 1840 Petri
1449 1768 1537 1861 Apo

399 1977 401 1986 A
420 1911 442 1954 n
470 1883 645 1956 stolorum
662 1884 864 1980 Principis»
884 1882 982 1967 alias,
999 1905 1127 1954 munus
1139 1883 1178 1954 B.
1187 1883 1279 1956 Petri
1293 1880 1434 1954 dieitur.
1449 1882 1536 1952 Cum

421 2000 526 2070 etiam
544 1998 589 2070 ad
611 1999 819 2072 Anselmum
836 1998 1118 2070 Cantuariensem
1135 1997 1447 2093 Archiepiscopum
1460 1997 1538 2068 Pal·

421 2112 510 2186 lium
528 2114 683 2186 delatum
702 2127 805 2196 esset,
826 2111 976 2185 habetur
993 2109 1088 2210 apud
1105 2110 1315 2184 Eadmerum
1333 2135 1485 2184 «omnes
1502 2113 1537 2182 in

425 2255 443 2297 »ι
471 2227 680 2324 obsequium
695 2231 784 2302 Petri
800 2229 890 2302 illud
915 2228 1022 2300 tuisse
1040 2227 1253 2300 osculatos.»
1274 2227 1436 2300 Proiecto
1458 2249 1539 2300 cum

423 2344 569 2440 pallium
583 2329 629 2416 in'
644 2367 749 2416 sensu
774 2343 973 2426 indumenti
998 2333 1137 2414 nonnisi
1161 2343 1378 2438 superiorem
1403 2355 1536 2414 vestem

422 2459 581 2554 designet
598 2483 706 2556 supra
722 2461 877 2532 tunicam
895 2460 1024 2532 assumi
1042 2458 1201 2539 solitam,
1220 2459 1285 2530 ista
1299 2455 1424 2530 relatio
1437 2456 1539 2528 Pallii

423 2575 511 2644 sacri
539 2573 583 2646 ad
608 2577 763 2656 Petmm,
794 2597 924 2672 nexum
941 2595 1023 2646 oum
1040 2572 1150 2668 pallio
1166 2593 1235 2644 seu
1246 2572 1430 2668 superiore
1446 2569 1539 2642 Petri

425 2689 632 2761 indumento
660 2689 843 2784 importat.
897 2757 901 2766 .

627 2929 629 2936 .
765 2886 791 2952 ς.
811 2888 838 2939 a.
858 2884 900 2941 De
917 2881 1038 2956 Corpore
1055 2881 1084 2938 S.
1104 2877 1189 2938 Petri.

497 3055 673 3148 imprimis
697 3077 784 3127 vero
810 3067 862 3127 est
888 3051 1239 3126 animadvertendum
1267 3048 1421 3124 Pallium
1445 3051 1541 3146 Apo·

423 3169 588 3240 stolicum
605 3192 625 3240 a
642 3182 776 3242 vetusta
798 3181 909 3241 aetate
926 3168 972 3241 de
989 3191 1139 3264 corpore
1157 3169 1192 3239 S.
1210 3167 1302 3238 Petri
1325 3165 1537 3261 nunoupari.

423 3285 472 3355 Ea
496 3285 632 3356 ratione
657 3308 774 3356 sermo
799 3283 844 3356 de
869 3275 979 3356 Paliio
1009 3284 1234 3366 instituitur,
1267 3281 1417 3362 Pallium
1446 3279 1539 3352 desi-

424 3411 577 3493 gnatur,
604 3399 701 3472 Pallii
728 3402 875 3495 petitio,
905 3401 1089 3472 mneessio
1111 3419 1151 3470 ac
1175 3397 1319 3470 traditio
1348 3395 1427 3468 fieri
1452 3419 1543 3468 con-

347 3499 350 3506 *
424 3517 537 3614 suevit
550 3538 589 3586 ac
606 3514 715 3586 modo
732 3516 836 3586 etiam
851 3513 905 3598 fit,
922 3517 972 3587 uti
988 3513 1149 3585 Pullium
1162 3511 1207 3583 de
1220 3515 1370 3610 Corpore
1383 3513 1421 3583 S.
1429 3507 1538 3584 Petri.

425 3630 524 3700 Certe
548 3627 668 3724 quoad
688 3627 944 3702 Alexandrinos
969 3629 1149 3701 Antistites
1169 3627 1319 3700 Paliium
1332 3625 1377 3698 de
1391 3647 1543 3722 corpore

425 3745 460 3813 S.
482 3746 587 3814 Marci
605 3745 691 3838 quid
708 3746 929 3840 importasset
943 3769 985 3816 ex
998 3745 1135 3816 Isidoro
1148 3743 1343 3826 Pelusiota,
1361 3740 1540 3823 Liberato,

426 3869 462 3925 et
488 3858 571 3926 actis
595 3858 688 3928 Petri
713 3855 943 3930 Aiexandrini
966 3858 1172 3939 innotescit,
1199 3857 1367 3927 nimirum
1386 3855 1421 3926 S.
1437 3855 1544 3926 Marci

426 3969 597 4064 pallium:
626 3993 645 4041 a
670 3973 746 4064 pari
771 3973 889 4066 itaque
914 3974 949 4042 S.
969 3972 1063 4043 Petri
1089 3969 1237 4065 pallium
1252 3983 1305 4042 est
1319 3991 1464 4066 prorsus
1487 3969 1544 4038 in-

428 4085 661 4179 telligendum
684 4087 720 4156 in
746 4087 856 4158 Pallio
881 4085 925 4158 de
950 4109 1147 4183 corpores.
1167 4084 1279 4158 Petri.

501 4200 614 4272 Obiioi
633 4214 754 4296 posset
768 4201 850 4276 data
869 4203 1058 4297 aliquando
1075 4202 1181 4274 fuisse
1196 4199 1342 4297 palliola
1353 4197 1541 4295 quaedam,

427 4339 518 4412 quae
535 4329 634 4390 antea
654 4317 849 4414 sepulchris
856 4318 1111 4414 Apostolorum
1124 4317 1544 4413 fuerantapposita,quaa
