3402 5222
651 407 829 470 ..45-

190 552 274 610 tam.
298 538 459 610 Profecto
477 537 659 634 disciplina
678 539 763 610 baec
792 542 952 608 universa
976 537 1095 631 quoad
1116 536 1212 610 Pallii
1237 537 1301 610 be·

188 653 425 724 nedictionem
441 655 521 724 satis
539 676 714 748 superque
730 653 859 724 indicat
885 653 927 723 ad
950 655 1088 724 Petrum
1108 655 1221 750 ipsum
1244 656 1299 726 in-

186 766 394 838 dumentum
417 767 510 838 istud
534 791 608 838 esse
630 791 774 862 prorsus
794 767 1029 841 referendum.

432 975 458 1038 §.
477 977 503 1026 t.
525 970 607 1027 Patlii
626 972 780 1044 assumptio
799 987 847 1044 per
867 970 1039 1028 Pontificem.

258 1115 405 1184 Domum
430 1115 467 1183 in
486 1114 608 1208 primis
634 1128 686 1185 est
713 1114 1009 1186 considerandum
1033 1115 1132 1210 quod
1149 1119 1295 1188 Romani

186 1227 363 1299 Pontificis
397 1233 615 1302 consecratio
646 1229 692 1300 ab
725 1231 912 1323 antiquiori
949 1243 1059 1302 aetate
1096 1231 1141 1304 ad
1179 1233 1296 1328 sepul·

182 1343 308 1415 chrum
348 1343 439 1417 beati
466 1347 574 1426 Petri,
606 1369 685 1416 cum
717 1369 781 1440 per
816 1345 978 1417 adiuncta
1015 1348 1135 1428 licuit,
1167 1349 1296 1440 iugiter

182 1461 227 1529 sit
257 1473 417 1554 peracta;
445 1483 556 1554 eaque
582 1461 702 1554 regula
729 1461 895 1531 solemnis
928 1484 968 1532 ac
987 1462 1203 1533 sanctissima
1228 1466 1295 1534 llo·

181 1595 305 1646 manae
330 1575 501 1646 Ecclesiae
521 1578 647 1646 existit.
679 1579 794 1646 Praxis
812 1576 1013 1646 huiusmodi
1033 1578 1156 1647 maiori
1182 1589 1296 1650 atten-

181 1691 276 1761 tione
289 1691 394 1785 digna
411 1715 474 1786 per
489 1715 528 1762 ea
543 1691 679 1762 saecula
699 1691 915 1786 dignoscitur
934 1715 1013 1762 cum
1027 1690 1129 1764 Urbis
1149 1695 1296 1766 moeniis

178 1828 220 1876 ea
244 1807 387 1877 Basilica
419 1805 513 1877 haud
541 1804 924 1900 comprehendebatur,
962 1807 1074 1900 campi
1111 1809 1293 1880 interiace-

178 1918 282 1998 hant,
308 1919 487 1990 Pontificia
509 1920 637 1991 domus
662 1921 756 1990 haud
783 1920 867 1990 inibi
896 1931 992 1992 crat:
1021 1943 1128 2015 penes
1153 1924 1294 1994 Latera·

177 2057 321 2105 nensem
333 2036 510 2106 Basilicam
528 2037 713 2140 Pontifices
726 2035 954 2108 morabantur
967 2051 1001 2108 et
1017 2038 1292 2110 solemnioribus

175 2153 378 2244 praesertim
399 2151 536 2231 diebus,
557 2175 652 2222 sacra
675 2154 842 2223 solemnia
868 2155 904 2221 in
931 2153 993 2222 hac
1015 2177 1076 2246 per
1103 2153 1286 2224 Pontifices

175 2264 447 2360 peragebantur.
469 2269 645 2348 Attamen,
661 2267 779 2361 quoad
795 2268 927 2348 liceret,
949 2267 993 2337 ad
1014 2269 1212 2338 Vaticanum
1225 2271 1290 2340 Ba-

175 2381 308 2452 silicam
334 2380 510 2452 Pontificis
535 2383 660 2453 electio
687 2383 860 2454 factaest:
889 2382 925 2452 id
943 2384 980 2453 in
1006 2385 1127 2478 primis
1149 2383 1290 2455 firmum

175 2511 248 2568 erat
267 2511 306 2568 ut
330 2497 374 2567 ad
394 2521 489 2568 aram
509 2521 613 2592 supra
633 2497 724 2568 beati
751 2501 841 2567 Petri
862 2499 1088 2592 sepulchrum
1113 2499 1290 2570 Pontificis
1320 2507 1325 2516 '

173 2611 349 2685 ordinatio
364 2613 482 2694 lieret,
501 2615 672 2708 acciperet
687 2637 767 2684 mox
783 2614 950 2692 Pallium,
968 2637 1007 2684 ac
1024 2616 1140 2708 primo
1156 2613 1295 2686 ibidem.

172 2751 309 2800 sacrum
332 2729 489 2798 solemne
504 2741 698 2822 perageret.
712 2731 798 2798 Satis
812 2731 854 2798 sit
869 2729 1029 2824 prolerre
1048 2727 1178 2799 librum
1194 2729 1289 2800 diur-

172 2867 259 2914 num
278 2845 518 2913 Romanorum
532 2841 752 2923 Pontificum,
763 2845 823 2937 qui
839 2845 985 2914 saeculis
998 2849 1034 2913 7.
1046 2847 1121 2914 et8.
1133 2868 1198 2915 usu
1215 2857 1289 2916 erat

171 2971 345 3052 receptus,
360 2982 378 3027 a
392 2959 561 3028 Garnerio
574 2957 706 3028 editum
721 2980 797 3051 cap.
810 2961 852 3027 ll.
862 2960 914 3028 tit.
927 2961 960 3028 8.
972 2958 1074 3030 Ritus
1091 2958 1290 3028 ordinandi

170 3074 375 3167 Pontificio:
407 3075 594 3145 «Procedit
613 3073 753 3144 Electus
777 3075 822 3144 de
852 3077 1036 3145 secretario
1060 3088 1094 3146 et
1121 3078 1215 3147 venit
1242 3075 1286 3147 ad

173 3217 190 3256 n
218 3189 474 3260 confessionem
491 3242 499 3259 .
521 3241 529 3259 .
552 3191 794 3284 ..Episcopus
814 3191 980 3260 Ostiensis
998 3205 1174 3262 consecrat
1204 3215 1285 3262 eum

171 3334 188 3371 n
217 3303 433 3378 Pontificem.
460 3307 541 3376 Post
566 3305 653 3376 haec
675 3287 949 3376 Arcbidiaconus
982 3308 1132 3378 annectit
1152 3309 1184 3376 ei
1209 3308 1287 3378 Pal-

171 3449 188 3486 η
218 3421 322 3502 lium,
348 3419 476 3491 deinde
502 3421 653 3492 ascendit
677 3421 721 3491 ad
744 3421 861 3491 sedem
880 3435 914 3491 et
940 3421 1000 3491 dat
1025 3443 1146 3516 pacem
1171 3423 1287 3492 omni-

169 3564 186 3602 »
216 3534 282 3606 bus
301 3534 558 3614 sacerdotibus,
592 3549 626 3606 et
652 3535 761 3616 dicit,
796 3536 912 3606 Gloria
940 3538 975 3605 in
995 3535 1139 3636 excelsis
1165 3539 1282 3606 Deo.»

170 3653 416 3746 Unusquisque
447 3651 548 3722 facile
583 3653 745 3746 intelligit
778 3654 1007 3750 antiquissimi
1042 3653 1129 3722 ritus
1164 3653 1282 3735 istius,

162 3768 225 3860 qui
250 3767 504 3838 accuratissime
534 3768 702 3838 hactenus
728 3781 909 3848 servatur,
934 3790 1073 3836 sensum
1100 3789 1180 3837 eum
1209 3791 1285 3840 esse
1325 3751 1329 3758 ¹

169 3895 207 3951 ut
226 3881 384 3952 Pontifex
400 3884 549 3976 quisque
571 3882 680 3953 veluti
708 3882 795 3952 alter
822 3886 943 3952 Petrus
976 3883 1102 3974 iugiter
1127 3905 1168 3952 ex
1192 3885 1284 3954 Petri

165 3996 358 4092 sepulchro
384 4019 565 4091 assurgere
585 4009 783 4067 censeatur:
811 4019 960 4090 cumque
988 3994 1164 4067 ordinatio
1191 4000 1284 4070 Pon-

163 4112 267 4199 tificis
287 4125 322 4185 et
347 4115 459 4208 prima
484 4113 583 4183 Pallii
606 4115 761 4206 receptio
785 4111 830 4182 ad
856 4112 946 4182 Petri
977 4111 1152 4183 tumulum
1177 4111 1280 4195 liant,

161 4241 258 4322 patet
284 4231 393 4299 ritum
418 4229 659 4299 Alexandrino
686 4221 880 4299 admodum
898 4228 1046 4299 similem
1073 4229 1108 4298 in
1127 4231 1282 4300 Romana

161 4345 314 4414 Ecclesia
331 4345 485 4438 viguisse
500 4367 539 4414 ac
557 4345 678 4439 vigere
709 4343 824 4416 adhuc
843 4364 909 4439 pro
939 4345 1020 4415 novi
1044 4343 1214 4415 Praesulis
1227 4345 1283 4434 iq-
