3402 5222
851 397 1030 460 -33..

385 542 477 600 certe
498 527 742 600 indumentum
769 523 815 598 de
841 551 914 624 quo
940 531 1076 623 agimus
1101 529 1326 624 designabat,
1355 553 1396 602 ea
1411 553 1501 626 pene

386 643 497 714 forma
515 643 566 714 uti
585 642 695 713 modo
720 644 756 712 in
778 665 843 712 usu
860 655 933 714 est:
961 667 1006 713 eo
1032 645 1111 739 ipso
1135 655 1295 739 tempore
1324 668 1397 739 quo
1423 645 1501 714 Pal-

253 763 257 770 ’
385 757 473 829 lium
497 759 533 828 in
558 753 769 851 imaginibus
807 755 1042 852 pingebatur,
1076 781 1116 830 ac
1145 759 1280 831 litterae
1307 783 1375 854 pro
1402 748 1502 831 Pallii

386 874 608 944 concessione
637 870 879 943 tradebantur.
907 867 946 942 ld
975 874 1081 942 etiam
1105 873 1297 946 clarissime
1327 887 1425 969 patet
1457 899 1524 946 ex·

386 1010 430 1058 eo
459 987 558 1082 quod
582 974 729 1063 Pallium
754 985 843 1058 illud
870 990 906 1057 S·
937 989 1044 1060 Marci
1069 990 1159 1060 circa
1189 989 1322 1060 collum
1360 992 1504 1084 apposi-

386 1115 462 1172 tum
479 1101 648 1184 refertur,
668 1101 758 1174 adeo
784 1115 823 1172 ut
846 1101 890 1172 ad
909 1102 1034 1174 fasciae
1057 1103 1206 1174 mudum
1223 1103 1409 1174 redactum
1438 1127 1501 1175 seu

387 1219 591 1313 colligatum
615 1230 650 1288 et
674 1239 782 1312 penes
808 1217 1064 1288 Alexandrinos
1092 1219 1259 1289 extiterit.
1291 1220 1385 1290 Licet
1414 1243 1504 1290 veru

387 1331 570 1403 Liberatus
594 1332 748 1425 aliique,
777 1354 843 1426 pro
868 1343 1036 1412 renata,
1064 1331 1110 1404 de
1127 1335 1233 1404 Marci
1257 1334 1367 1406 Pallio
1393 1335 1501 1406 locuti

302 1475 305 1480 ¹
388 1449 478 1528 sint,
503 1447 673 1540 implicite
690 1443 834 1518 lirmare
857 1445 1025 1519 videntur
1042 1448 1080 1519 in
1096 1427 1337 1520 llomanorum
1356 1449 1503 1522 Pontifi-

389 1586 468 1634 cum
495 1563 626 1642 Pallio,
651 1559 752 1656 quod
773 1561 901 1633 eodem
921 1565 1065 1634 nomine
1087 1564 1267 1636 autumna
1291 1577 1387 1648 erat,
1415 1589 1507 1638 nou·

389 1679 454 1748 nisi
479 1679 572 1747 Patri
591 1677 737 1771 pallium
760 1699 838 1747 esse
861 1677 1138 1770 agnoscendum.

433 1805 435 1808 ’
462 1791 524 1862 Cui
549 1791 696 1885 quidem
718 1804 925 1885 argomento
951 1795 1064 1864 maior
1095 1814 1238 1887 quoquc
1263 1795 1317 1866 uis
1338 1791 1508 1868 accedere

260 1993 265 2004 1
388 1907 529 1978 ridetur
548 1930 589 1978 ex
612 1907 801 1978 arctissiun
818 1909 1067 1980 coniunctione
1086 1905 1177 1979 inter
1191 1909 1380 1981 Ecclesiam
1399 1911 1508 1982 Alex-

390 2023 574 2093 andrinam
603 2043 622 2092 a
642 2024 760 2092 llarco
782 2020 965 2092 fundatam
981 2035 1015 2092 ct
1033 2025 1226 2094 Rornanam
1246 2043 1340 2118 quae
1359 2027 1505 2098 Petrum

390 2151 570 2210 auctorem
600 2138 824 2232 primumque
850 2135 1056 2208 Pontificem
1083 2137 1225 2220 babuit,
1259 2161 1339 2210 cnm
1368 2141 1511 2212 lllarcus

389 2252 482 2324 Petri
507 2251 718 2347 discipulus,
733 2253 770 2322 in
790 2250 886 2322 Urbe
911 2253 1181 2346 evangelizanda
1206 2255 1322 2326 socius
1347 2267 1382 2326 et
1407 2255 1506 2328 adiu-

391 2383 467 2447 tor,
488 2381 595 2462 atque
619 2367 866 2438 Alexandriam
892 2391 933 2438 eu
961 2364 1056 2438 Urbe
1078 2367 1125 2448 ab
1149 2371 1228 2462 ipso
1253 2371 1360 2441 Petro
1381 2373 1511 2442 missus
1574 2381 1577 2396 '

391 2485 509 2554 luerit.
536 2481 697 2552 Profecto
722 2479 843 2575 quod,
859 2483 897 2552 in
921 2481 1134 2577 obsequium
1153 2485 1334 2578 discipuli,
1355 2487 1509 2558 Alexan-

392 2596 490 2682 driae
512 2583 779 2692 praestabatur,
816 2598 943 2690 potiori
968 2599 1049 2668 iure
1070 2597 1117 2668 ad
1150 2599 1397 2670 herimundum
1428 2624 1509 2672 ma·-

392 2717 538 2806 gistrum
568 2711 772 2805 etquidem
797 2711 1051 2806 Apostolorum
1073 2715 1285 2808 Principem.
1319 2716 1425 2786 tutius
1450 2719 1509 2788 lle·

393 2827 517 2899 clesiae
537 2829 741 2906 Primam,
775 2829 906 2898 llomae
939 2829 1148 2922 praestitum
1174 2829 1243 2900 dici
1273 2827 1402 2912 debut,¹
1427 2853 1511 2904 cum

393 2943 452 3012 bic
464 2955 569 3037 atque
586 2941 661 3012 illic
676 2941 825 3012 Palliurn
844 2943 1046 3014 huiusmodi
1060 2945 1097 3013 iu
1114 2944 1250 3016 bonore
1270 2944 1393 3016 luerit:
1410 2971 1510 3017 cum·

394 3081 464 3152 que
492 3071 568 3156 tres
599 3055 654 3128 vel
684 3070 837 3150 quatuor
872 3081 982 3128 annos
1015 3060 1120 3130 Marci
1151 3058 1270 3130 obitus
1300 3065 1513 3155 martyrium

394 3175 488 3244 Petri
517 3175 763 3268 praecesserit3
794 3172 891 3266 quod
919 3174 1075 3244 Auienus
1102 3175 1142 3242 in
1166 3171 1377 3268 obsequium
1403 3179 1510 3248 lllarci

351 3335 353 3339 f
394 3269 585 3382 praestilit,
605 3288 700 3358 idem
723 3287 767 3358 ad
793 3290 935 3358 Petrum
956 3290 1309 3361 commemorandum
1329 3315 1348 3362 a
1366 3293 1454 3362 lino
1471 3315 1516 3363 ac

396 3387 657 3475 successoribus
684 3402 912 3474 Pontificibus
941 3406 980 3474 iu
1004 3405 1115 3475 Pallio
1141 3402 1350 3477 assumendo
1380 3407 1510 3477 lactum

395 3533 490 3590 certe
526 3531 606 3602 est,
643 3521 681 3590 iu
711 3521 809 3589 cuius
840 3520 1021 3614 potestatis
1054 3521 1309 3615 plenitudinem
1340 3521 1515 3594 succede-

395 3633 498 3706 baut,
