3402 5222
650 398 827 464 ..17-

177 531 338 603 videlicet
361 531 478 602 lorum
503 529 599 626 quod
617 530 812 628 imperiale
829 529 1056 601 circumdare
1077 531 1207 602 assolet
1221 529 1294 602 col·

177 650 266 718 lum.
282 650 346 720 Per
363 647 400 718 id
418 670 504 718 vero
521 646 669 718 Pallium
687 646 860 741 designari
880 648 1014 718 asserit.
1031 647 1126 717 Licet
1145 669 1230 718 vero
1249 646 1293 718 ad

177 764 443 836 Constantinum
463 785 584 858 reapse
598 761 694 834 haud
708 765 885 856 pertinere
902 761 1050 833 fateatur
1067 761 1295 834 donationem

176 879 295 963 illam,
316 878 460 950 adnotat
479 891 564 950 ante·
577 878 692 949 Caroli
707 877 801 949 Calvi
818 889 977 972 tempora
991 877 1089 948 illam
1108 877 1292 972 prodiisse,

178 994 358 1068 contendit
383 1016 469 1066 vcro
493 995 686 1066 Romanam
711 993 922 1076 Ecclesiam,
944 1017 984 1066 ea
1002 993 1172 1074 admissa,
1201 1015 1296 1066 nono
1393 1039 1396 1046 -

177 1109 301 1182 saltem
327 1107 468 1181 saeculo
485 1109 667 1203 agnovisse
685 1111 845 1182 Romano
863 1106 1020 1180 Pontifici
1039 1107 1214 1180 beneficio
1228 1110 1295 1180 lm-

179 1219 352 1319 peratoris
377 1223 525 1295 Pallium
549 1247 624 1296 esse
649 1223 818 1296 delatum.

251 1341 414 1412 Attamen
431 1362 474 1410 ex
492 1338 697 1434 apocrypho
721 1340 789 1410 isto
815 1339 941 1410 saeculi
963 1341 1046 1410 noni
1064 1338 1292 1420 documento,

177 1455 276 1550 quod
294 1456 496 1548 ceteroquin
516 1455 565 1526 lle
582 1456 696 1534 Merca
713 1444 856 1548 eiusque
875 1454 1025 1526 asseclae
1044 1457 1173 1550 passim
1192 1453 1292 1526 nihili

172 1569 311 1641 habent
341 1571 562 1663 graviterque
591 1568 879 1665 reprehendunt,
908 1568 995 1663 quid
1029 1568 1152 1642 inferri
1183 1570 1295 1664 possit

180 1685 275 1756 haud
293 1685 409 1756 video,
431 1685 611 1756 Immerito
630 1707 774 1779 prorsus
792 1687 969 1756 Romanae
987 1683 1159 1778 Ecclesiae
1177 1707 1295 1756 assen-

180 1823 240 1871 sus
250 1801 288 1870 in
300 1798 404 1877 illud,
418 1799 645 1894 singulosque
659 1799 766 1870 veluti
786 1801 861 1870 eius
879 1799 1061 1883 articulos,
1075 1798 1294 1896 perhibetur.

181 1915 409 2010 Compertum
434 1927 575 1986 estnec
601 1917 730 1986 Romae
749 1937 789 1986 ac
807 1915 921 1986 multo
948 1917 1064 1986 minus
1092 1937 1200 2010 opera
1218 1917 1296 1988 Ro-

181 2053 371 2102 manorum
391 2027 600 2102 Pontificum
626 2028 716 2101 illud
742 2030 926 2126 prodiisse.
948 2030 1079 2102 Natalis
1097 2029 1297 2102 Alexander

182 2148 298 2240 ipsum
316 2145 417 2217 illum
436 2147 641 2218 Donationis
665 2141 828 2240 opificem
849 2147 981 2227 statuit,
1001 2145 1045 2216 ad
1063 2169 1170 2240 quem
1187 2145 1297 2217 lsido-

181 2263 301 2332 rianae
314 2261 510 2334 Decretales
524 2259 743 2340 referuntur,
757 2259 936 2330 hominem
949 2257 1296 2331 Gallo-Germanum:

184 2373 245 2448 alii
262 2379 432 2448 Graecum
458 2373 645 2471 perhibent
668 2376 874 2446 Donationis
892 2381 1084 2460 auctorem.
1101 2375 1193 2460 Quid
1212 2399 1299 2447 vero

183 2493 229 2563 ad
260 2496 452 2564 Romanam
483 2491 693 2572 Ecclesiam,
724 2492 751 2561 si
780 2491 905 2586 aliquis
930 2514 973 2562 eo
998 2505 1189 2586 tempore,
1217 2514 1298 2562 cum

184 2610 355 2680 sanctiora
367 2607 542 2704 quaelibet
552 2610 629 2680 iura
644 2608 803 2679 homines
820 2605 921 2680 freno
939 2609 1159 2704 impatientes
1177 2630 1300 2702 aggre-

182 2723 373 2805 derentur,
394 2721 488 2794 bona
506 2722 652 2794 forsitan
667 2719 755 2805 fide,
773 2722 946 2817 lmperiali
963 2720 1147 2817 privilegio
1163 2719 1299 2794 firmata

96 2926 100 2932 Ι
183 2842 261 2912 iura
280 2839 506 2912 ecclesiastica
521 2838 694 2932 quaedam
712 2835 910 2915 exhibenda
928 2837 1104 2909 voluerit?
1117 2839 1188 2908 Nec
1204 2839 1301 2909 iuvat

183 2955 281 3048 quod
307 2967 604 3026 commemoretur
628 2955 779 3024 Donatio
804 2952 864 3024 illa
889 2954 926 3024 in
950 2953 1104 3024 Gratiani
1129 2951 1297 3034 decret0;

185 3071 309 3162 privati
328 3070 490 3140 Doctoris
507 3081 559 3139 est
577 3089 668 3163 opus
693 3061 797 3149 illud,
819 3079 923 3160 atque
949 3050 1073 3138 omnes
1097 3080 1229 3138 norunt
1254 3064 1300 3136 ab

185 3185 385 3278 Apostolica
405 3183 494 3255 Sede
512 3181 895 3278 numquamfirmatum
916 3183 1034 3254 luisse.
1051 3183 1138 3254 Cum
1151 3205 1215 3277 per
1228 3181 1301 3296 qlu·

185 3322 241 3369 res
253 3301 402 3371 Donatio
418 3299 478 3370 illa
493 3299 724 3381 laudaretur,
751 3311 826 3370 esto
851 3298 949 3392 quod
968 3311 1002 3370 et
1018 3301 1149 3370 Romae
1167 3299 1204 3366 in
1223 3295 1300 3368 aliis

167 3430 170 3437 '
185 3414 331 3509 allegata
349 3416 392 3486 sit
403 3439 417 3484 :=
431 3427 584 3486 attamen
603 3413 733 3487 delatio
751 3415 850 3484 Pallii
870 3414 965 3484 haud
984 3413 1067 3484 inde
1084 3411 1210 3483 educta
1227 3425 1297 3494 est,

184 3530 282 3623 quod
302 3528 413 3626 probe
431 3529 699 3612 attendendum,
716 3551 795 3600 cum
809 3528 934 3600 exinde
953 3541 1006 3599 tot
1024 3525 1219 3599 habeantur
1237 3525 1301 3598 de·

185 3657 279 3718 creta
302 3667 341 3716 ac
365 3644 501 3720 litterae
534 3648 775 3716 Romanorum
810 3642 1045 3726 Pontificum,
1073 3653 1301 3736 veterumque

186 3763 397 3855 scriptorum
422 3761 620 3831 testimonia
646 3760 691 3831 de
716 3759 839 3830 Pallio.
856 3761 910 3841 ¹lle
929 3761 1043 3830 Marce
1058 3757 1114 3828 vel
1128 3758 1302 3829 Antonius

187 3875 233 3946 de
247 3877 403 3948 Dominis
422 3877 525 3970 primi
542 3875 734 3958 videntur,
762 3875 823 3969 qui
849 3898 891 3945 ex
916 3874 977 3945 illa
1003 3875 1197 3944 Donatione
1223 3874 1302 3944 Pal·
1326 3892 1328 3898 ·

187 3991 275 4062 lium
299 3991 409 4062 veluti
436 3992 659 4088 Imperatoris
684 3989 894 4062 beneficium
913 3989 1136 4060 deduxerint.

261 4107 306 4176 At
323 4119 456 4178 textum
468 4108 576 4202 ipsius
587 4107 792 4178 Donationis
806 4119 1080 4200 perscrutemur.
1091 4106 1227 4189 Quaeso
1240 4127 1302 4175 cur

188 4244 262 4292 non
287 4223 374 4294 dixit
397 4223 564 4305 Pallium,
592 4221 891 4317 quemadmodum
917 4219 1160 4294 Occidentales
1180 4243 1302 4291 omnes

190 4335 439 4431 loquebantur,
454 4337 514 4409 sed
529 4337 832 4434 superhumerale:
858 4338 990 4410 locutio
1012 4339 1101 4416 ista,
1129 4333 1301 4430 siquidem

1174 4485 1187 4525 2
