3402 5222
677 427 853 488 ..63-

208 554 323 626 larum
348 575 367 624 a
391 543 494 624 Petro
518 545 661 648 eiusque
686 555 774 627 Sede
799 557 984 650 originem.
1013 557 1103 629 Hinc
1133 558 1253 652 regula
1281 560 1326 632 ab

210 670 415 742 Innocentio
436 669 495 739 lll.
524 656 730 770 praesertim
745 681 897 752 statuta,
913 695 973 742 seu
998 657 1116 765 polius
1141 686 1325 756 renovata,

132 821 134 824 ·
209 795 249 854 ut
267 783 487 854 Patriarchae
504 783 652 874 Pallium
666 806 685 857 e
698 805 848 879 corpore
861 787 900 856 Β.
917 787 1008 856 Petri
1025 786 1206 881 accipiant.
1224 788 1327 872 Quod

210 909 328 967 tamen
342 895 437 967 haud
455 881 603 992 impedit
621 899 811 992 quominus
829 897 977 970 Pallium
995 903 1186 996 proprium¹
1197 903 1235 972 in
1252 927 1328 974 me·

211 1013 361 1082 moriam
386 1009 548 1082 videlicet
588 1012 738 1084 aliorum
764 1013 1043 1109 Apostolorum,
1071 1039 1132 1086 seu
1153 1000 1329 1088 ¹veterum

211 1126 442 1197 Orientalium
461 1126 695 1204 Ecclesiarum
712 1127 940 1206 fundatorum
969 1128 1035 1201 sub
1058 1127 1240 1203 Pontificio
1264 1133 1329 1203 illo

211 1263 334 1336 gerere
346 1248 507 1336 pergant,
516 1264 607 1337 quae
619 1241 1011 1338 prolectomnsuetudo
1023 1247 1080 1318 vix
1094 1245 1330 1320 diversimode

139 1413 140 1416 ,
211 1355 377 1454 explicari
396 1377 498 1451 posse
522 1356 677 1428 videtur.
898 1353 901 1358 ‘

479 1691 483 1714 ,Α
607 1605 831 1716 anniculus
861 1625 936 1691 xu.

433 1839 485 1899 En
507 1840 648 1900 irretientis
670 1839 807 1900 omnibus
829 1839 932 1930 quood
954 1839 1103 1901 Polliam:
1173 1833 1175 1837 ’

289 2049 457 2129 Domum,
480 2039 547 2119 hac
565 2050 675 2142 posita
695 2051 881 2131 sententia,
904 2051 1037 2144 optime
1058 2047 1277 2144 explicantur
1295 2065 1331 2123 et

108 2253 110 2260 y
216 2163 447 2234 conciliantur
469 2186 559 2257 quae
581 2157 757 2258 pertinent
777 2163 820 2235 ad
844 2164 941 2234 Pallii
963 2164 1155 2258 Apostolici
1170 2164 1331 2237 traditio-

215 2303 295 2350 nem
317 2291 484 2361 ciosum,
506 2281 556 2351 uti
578 2280 762 2372 praeconia
788 2301 878 2371 quae
904 2278 949 2348 de
973 2278 1083 2350 Pallio
1105 2279 1328 2362 referuntur,

216 2407 356 2489 praeter
380 2417 421 2465 ea
445 2417 535 2487 quae
560 2396 723 2489 superius
754 2395 823 2464 iarn
856 2393 1176 2466 animadvertimus.
1213 2395 1331 2466 Enim-

216 2534 301 2581 vero
327 2511 453 2605 passim
479 2511 514 2579 in
530 2501 649 2580 Pallio
661 2501 851 2606 plenitudo
868 2506 1086 2585 Pastoralis,
1104 2509 1160 2578 vel
1181 2509 1333 2598 Pontifi-

217 2625 308 2695 calis
336 2623 455 2716 officii
480 2624 656 2694 contineri
687 2626 877 2695 asseritur:
910 2626 1067 2725 optime,
1090 2626 1171 2718 quia
1200 2627 1234 2695 S.
1269 2628 1332 2696 Pe-

217 2745 262 2830 tri¹
298 2741 445 2812 Pallium
471 2742 636 2835 proprie,
665 2739 887 2834 simpliciter,
916 2752 1020 2832 atque
1046 2737 1208 2810 absolute
1235 2740 1330 2812 haud

217 2857 366 2950 pertinet
401 2857 466 2926 nisi
504 2855 548 2926 ad
584 2859 761 2926 Romanos
796 2852 1005 2934 Pontifices,
1042 2857 1103 2949 qui
1142 2855 1333 2949 plenitudi-

218 2993 299 3040 nem
331 2971 515 3065 pastoralis
541 2983 576 3040 et
608 2968 820 3063 pontificalis
852 2967 959 3040 officii
986 2981 1109 3063 utpote
1135 2971 1225 3040 Petri
1254 2993 1335 3040 suc-·

219 3109 371 3157 cessores
397 3108 479 3156 vere
514 3084 658 3156 habent.
696 3087 810 3179 Atque
849 3084 907 3154 hic
942 3075 1129 3154 recolenda
1167 3083 1333 3155 homiliae

219 3198 347 3269 verba:
381 3227 397 3264 n
425 3200 623 3294 insignum
649 3198 871 3293 plenissimae
906 3185 1086 3292 potestatis
1111 3195 1220 3266 Pallio
1250 3198 1331 3291 pri-

222 3340 239 3378 »
268 3336 364 3383 mum
389 3315 495 3383 linus
520 3315 666 3384 amictus
689 3313 892 3383 estuflinc
916 3309 1014 3408 nulla
1034 3331 1180 3404 prorsus
1205 3309 1334 3382 limita·

219 3429 269 3497 tio
289 3428 408 3522 quoad
436 3427 532 3497 Pallii
564 3450 666 3498 usum
687 3449 753 3521 pro
780 3429 938 3516 Romano
960 3422 1145 3508 Pontifice,
1161 3425 1334 3520 siquidem

219 3543 293 3612 eius
311 3543 470 3637 dignitati
493 3565 532 3612 ac
548 3542 707 3634 potestati
732 3540 914 3610 essentiale
937 3551 988 3608 est
1008 3537 1156 3607 Pallium
1176 3540 1210 3608 S.
1226 3539 1330 3610 Petri.

219 3659 309 3728 Hinc
332 3659 438 3728 ctiam
462 3681 532 3728 nou
559 3679 621 3751 per
646 3656 844 3726 Antistitem
858 3655 972 3725 ullum
987 3652 1049 3724 sed
1075 3677 1116 3724 ex
1142 3652 1242 3724 altari
1272 3677 1332 3726 seu

220 3771 443 3843 Confessione
458 3773 492 3842 S.
508 3773 598 3842 Petri
623 3793 729 3841 manu
745 3770 900 3850 Diaconi‚
917 3769 1082 3839 nimirum
1096 3768 1255 3840 ministro
1270 3791 1334 3840 suo

220 3885 405 3957 adiuvante
430 3886 519 3956 illud
545 3886 688 3979 accipit:
718 3883 913 3979 siquidem,
936 3885 1050 3978 posita
1077 3883 1248 3958 electione
1275 3907 1334 3956 ca-

221 4003 358 4084 nonica‚
387 4004 460 4072 eius
486 4013 640 4096 potestas
661 3999 860 4071 immediate
885 4023 903 4070 a
926 3999 1065 4070 Christo
1095 4012 1146 4070 est
1172 4021 1236 4094 per
1256 4001 1336 4070 'suc-

168 4121 171 4128 '
221 4119 413 4188 cessionem
439 4116 483 4188 ad
507 4101 673 4196 Petrum,⁴
699 4138 788 4210 quae
813 4117 849 4184 in
872 4137 912 4184 ea
937 4115 1035 4184 Pallii
1062 4115 1260 4210 sumptione
1279 4115 1335 4185 in·

221 4235 356 4304 nuitur.
851 4291 854 4298 ,

293 4349 383 4419 Hinc
401 4349 481 4419 licet
498 4345 654 4419 Pontifex
675 4345 768 4418 haud
788 4369 926 4442 semper
940 4347 1049 4418 Pallio
1069 4345 1177 4418 modo
1198 4347 1330 4442 utatur,
