3402 5222
655 411 833 481 ..59⁶

261 547 312 617 Ex
333 543 477 618 Rabano
495 545 788 642 Archiepiscopus
804 545 910 617 habet
928 539 1076 618 Pallium
1092 545 1140 618 ob
1159 543 1308 644 Apostc·
1351 565 1355 572 ·

47 715 57 727 .
190 659 356 732 stolicam
381 659 512 737 uicem,
541 672 645 755 atquc
669 660 713 730 ob
740 659 959 757 dignitatem
976 661 1231 759 Apostolicam.
1253 665 1308 735 vir
1340 753 1343 760 Ι

189 774 426 871 Apostolicus,
442 773 632 870 Apostolus
650 775 816 846 nimirum
837 797 912 847 esse
929 773 1046 846 debet.
1059 775 1308 848 Profectonori

190 903 362 984 quatenus
378 889 539 984 Episcopi
557 909 679 960 omnes
696 902 778 960 sunt
799 913 1015 961 successores
1032 890 1286 985 Apostolorum
1297 873 1315 960 ε’

189 1017 275 1076 tunc
294 1004 528 1075 enimomnes
549 1004 739 1099 Episcopus
764 1005 875 1074 Pallio
898 1003 1119 1077 decorandos
1142 1008 1308 1076 asseruis⁴

190 1132 261 1202 set,
280 1131 441 1191 econtra
460 1119 616 1212 agnoscit
635 1116 726 1191 illud
746 1119 1030 1215 Archiepiscopis
1054 1095 1191 1191 tantum
1215 1120 1306 1191 dari.
1387 1189 1392 1202 ,

190 1237 277 1306 Prae
313 1234 425 1306 oculis
454 1235 621 1304 nimirum
648 1231 755 1306 habet
785 1235 886 1307 Viros
923 1233 1005 1305 illos
1042 1235 1103 1328 qui
1140 1233 1185 1304 ab
1222 1255 1309 1307 aevo

190 1347 394 1445 Apostolico
416 1350 610 1444 pervarias
635 1349 832 1445 provincias
856 1350 953 1421 missi
977 1367 1053 1420 rem·
1078 1349 1310 1422 Christianam

191 1487 256 1560 per
280 1461 421 1534 easdem
451 1463 567 1558 primo
596 1465 853 1534 constituerunt
882 1485 922 1534 ac
951 1461 1199 1558 metropoleon
1228 1463 1311 1558 Epi·

190 1589 374 1674 scopatum
391 1591 586 1673 gesserant,
606 1577 909 1673 quemadmodum
927 1578 1131 1672 nuperrime
1155 1577 1311 1650 fecerant

191 1693 405 1792 Augustinus
423 1715 488 1788 per
505 1692 681 1786 Angliam,
697 1690 895 1764 Bonifacius
912 1713 978 1788 per
995 1693 1230 1776 Germaniam,
1248 1693 1311 1788 qui

192 1831 316 1880 omnes
340 1830 359 1878 a
385 1810 486 1879 Petro
512 1819 616 1902 atque
645 1809 720 1879 eius
745 1805 1006 1906 successoribus
1032 1808 1129 1878 missi
1154 1806 1306 1880 fuerant.

193 1926 229 1996 Si
245 1925 362 2018 itaque
380 1923 529 1994 Pallium
545 1920 760 2019 importabat
777 1925 891 1994 vicem
908 1922 1172 2016 Apostolicam,
1193 1923 1310 2017 digni*

193 2049 300 2111 tatem
315 2039 570 2134 Apostolicam,
591 2037 750 2134 prolecto
774 2037 925 2110 Pallium
942 2037 996 2108 ad
1020 2039 1137 2134 ipsum
1166 2041 1310 2109 Petrum

192 2153 318 2226 referri
337 2151 464 2224 debet:
488 2164 523 2224 at
542 2175 614 2224 non
632 2151 738 2224 video
763 2175 833 2247 qua
859 2151 925 2224 alia
943 2153 1101 2236 ratione,
1129 2153 1195 2223 nisl
1212 2152 1311 2246 quod

193 2269 285 2340 Petri
309 2268 419 2363 ipsius
443 2266 592 2362 pallium
611 2279 861 2362 repraesentet.
882 2269 1031 2339 Romani
1041 2267 1192 2362 ‘quidem
1220 2271 1313 2338 Pon·

193 2379 304 2454 tifices
320 2405 397 2454 eam
415 2384 526 2454 vicem
552 2405 592 2454 ac
616 2381 823 2476 dignitatem
843 2384 987 2477 proprie
1007 2380 1116 2477 atque'
1129 2381 1313 2454 ordinario

194 2509 341 2593 gerunt,
357 2498 409 2568 illi
436 2521 521 2570 vero
540 2513 603 2594 per
620 2497 878 2592 delegationem
897 2498 1089 2592 quamdam
1105 2497 1313 2571 Pontificum

193 2613 254 2708 qui
279 2612 428 2683 Pellium
452 2614 545 2684 Petri
569 2611 695 2684 iisdem
720 2614 993 2683 communicant.
1102 2649 1108 2664 ·

266 2727 365 2800 ldem
389 2726 457 2799 alia
481 2729 619 2799 ratione
643 2729 818 2823 Rupertus
843 2727 1026 2798 Tuitiensis
1051 2725 1114 2797 lib.
1137 2724 1233 2798 l.·de
1253 2729 1315 2798 Dia

194 2842 285 2914 vinis
312 2838 426 2918 officis
455 2864 487 2912 c.
519 2844 581 2913 27.
613 2842 796 2913 «Initium
828 2864 915 2937 ergo
945 2841 1043 2912 Fidei
1074 2839 1244 2913 habentes
1268 2840 1314 2914 ab

116 2973 125 3002 ¹
198 2985 217 3026 s
243 2957 444 3053 Apostolica
469 2955 577 3039 Sede,
597 2957 755 3052 regulam
773 2957 865 3028 hanc
883 2957 1173 3053 Metropolitanae
1191 2956 1314 3029 ohser-

197 3101 216 3141 »ι
243 3084 327 3145 vant
343 3071 534 3154 Ecclesiae,
555 3083 596 3143 ut
612 3073 791 3144 nemiuem
816 3071 970 3144 habeant
997 3071 1222 3154 Pontificem,
1248 3073 1315 3143 nisi

199 3215 217 3256 s
244 3187 290 3261 ab
311 3187 434 3260 eadem
455 3185 538 3266 sede
560 3187 707 3259 missum
726 3211 746 3260 a
764 3211 833 3283 qua
851 3189 988 3283 primus
1007 3188 1069 3258 ille
1094 3187 1313 3283 praedicator

200 3329 218 3369 s
245 3301 342 3374 Fidei
362 3302 487 3373 missus
504 3313 572 3374 est:
590 3299 662 3382 illa
682 3319 804 3372 autem
828 3301 951 3374 missio
976 3299 1180 3398 supradicti
1197 3300 1315 3372 Pallii

201 3443 218 3483 s
246 3414 397 3513 largitio
421 3433 522 3487 est.»

270 3531 495 3626 Apertissime
518 3553 562 3604 eo
587 3532 623 3602 in
648 3533 849 3604 testimonio
879 3533 1103 3626 coniungitur
1127 3551 1316 3624 unaquae-

196 3669 266 3741 que
290 3647 390 3718 Pallii
413 3645 553 3740 largitio
579 3668 660 3718 cum
679 3649 788 3742 priori
808 3647 869 3717 illa
887 3647 1072 3728 missione,
1091 3649 1161 3740 qua
1175 3647 1313 3741 primus

199 3759 420 3856 praedicator
436 3761 534 3832 Fidei
551 3763 677 3834 missus
700 3774 752 3834 cst
777 3763 814 3832 in
838 3762 993 3856 singulas
1018 3761 1197 3856 regiones:
1214 3783 1316 3831 cum-

199 3899 269 3972 que
286 3899 351 3972 per
367 3875 608 3948 Occidentales
619 3877 825 3971 praesertim
843 3877 1042 3971 provincias
1056 3876 1190 3972 primos
1212 3898 1320 3971 prae-

199 3991 372 4064 dicatores
390 4013 410 4062 a
426 3993 530 4067 Petro
548 3992 671 4062 missos
686 4001 832 4073 constet,
852 3989 951 4061 Pallii
966 3991 1107 4084 largitio
1125 3991 1316 4061 arctissime

200 4128 281 4178 cum
305 4106 399 4178 Petri
423 4105 587 4178 missione
611 4104 797 4199 copulatur
822 4115 857 4176 et
875 4117 1128 4199 consequenter
1153 4102 1315 4175 firmatur

200 4218 326 4292 relatio
351 4219 445 4291 Sacri
468 4217 567 4290 Pallii
592 4218 637 4291 ad
662 4219 816 4290 Petrum.
1063 4213 1068 4224 '

273 4335 363 4408 llinc
375 4331 611 4410 etiammelius
625 4332 833 4430 intelligitur
845 4334 998 4408 formula
1014 4356 1105 4430 quae
1118 4355 1185 4430 pro
1204 4345 1319 4404 trans·
