3402 5222
882 405 1059 468 ..48-

480 538 593 611 Obiici
625 550 741 633 posset
775 537 872 632 quod
908 559 988 610 cum
1022 559 1087 630 per
1121 538 1255 608 musiva
1291 535 1523 608 Ecclesiarum

406 679 514 750 opera
541 655 700 726 coelestis
724 655 837 750 patria
863 652 971 724 veluti
993 653 1168 747 aperiatur
1194 675 1234 724 ac
1260 654 1442 748 perspicua
1468 655 1524 722 in-

408 772 574 865 spectanti
613 769 748 865 populo
781 764 1013 848 exhibeatur;
1039 767 1139 839 albae
1172 780 1286 840 vestes
1317 771 1352 838 in
1387 769 1524 862 gloriae

408 886 546 980 signum
563 884 817 966 tribuerentur,
832 882 1132 977 quemadmodum
1148 885 1276 978 passim
1294 884 1415 978 viginti
1433 905 1523 976 qua·
1588 898 1591 904 ·

408 1009 490 1070 tuor
507 1000 661 1070 seniores
679 1000 774 1070 iuxta
792 997 1041 1094 Apocalypsim
1060 997 1217 1070 candidis
1236 997 1391 1070 vestibus
1409 999 1523 1070 induti

408 1111 539 1184 ibidem
568 1123 885 1209 repraesentantur.

481 1229 597 1300 Primo
624 1241 677 1300 est
710 1227 1059 1300 animadvertendum
1091 1227 1281 1322 Apostolos
1305 1227 1429 1299 iisdem
1463 1251 1524 1300 ve-

407 1341 519 1415 stibus
545 1343 642 1414 indui
668 1341 757 1413 albis
775 1343 880 1414 etiam
903 1365 984 1413 cum
1007 1355 1103 1413 extra
1129 1343 1245 1432 curiae
1260 1342 1431 1413 coelestis
1449 1365 1523 1412 am-

408 1451 527 1530 bitum
541 1457 771 1539 exhibentur,
793 1459 885 1528 utin
907 1480 989 1528 arcu
1010 1455 1181 1530 Placidiae
1202 1457 1366 1529 Basilicae
1383 1458 1523 1529 Ostien-

407 1575 453 1646 sis
476 1597 515 1644 ac
533 1575 753 1646 Lateranensi
772 1573 925 1646 triclinio
946 1574 1071 1644 Leonis
1095 1574 1154 1642 lll.

481 1691 525 1760 At
552 1691 686 1760 musiva
710 1709 817 1784 opera
839 1687 1025 1760 coelestem
1047 1689 1233 1760 Ierusalem
1257 1711 1337 1760 cum
1362 1701 1523 1784 respectu

408 1805 452 1876 ad
471 1805 675 1876 militantem
691 1805 877 1876 Ecclesiam
889 1802 1068 1886 exhibent,
1084 1827 1123 1876 ac
1143 1827 1270 1875 nexum
1285 1806 1376 1876 inter
1388 1817 1523 1884 utram-

408 1945 476 2014 que
498 1919 655 2017 perbelle
680 1932 962 2015 repraesentant:
985 1933 1125 1992 servant
1143 1943 1230 1992 vero
1248 1943 1338 2014 quae
1363 1919 1525 2014 singulo-

334 2075 336 2078 ·
408 2061 509 2119 rum,
537 2059 617 2108 cum
643 2039 678 2108 in
705 2038 807 2108 terris
833 2048 995 2131 agerent,
1023 2037 1059 2106 in
1088 2036 1210 2130 primis
1235 2034 1354 2130 quoad
1379 2047 1520 2114 vestes,

407 2152 551 2248 propria
570 2164 681 2222 erant.
704 2152 852 2245 lnsuper
876 2150 1033 2221 Christus
1049 2171 1152 2244 saepe
1173 2151 1276 2220 etiam
1296 2147 1442 2219 alterius
1463 2171 1523 2219 co-

407 2267 492 2338 loris
510 2265 719 2337 subobscuri
744 2278 857 2337 vestes
874 2263 1003 2336 hahet:
1026 2263 1187 2359 prolecto
1206 2265 1233 2334 si
1259 2263 1393 2358 gloriae
1418 2261 1523 2334 habi-

408 2395 485 2463 tus,
513 2397 549 2453 ut
583 2383 629 2454 ita
654 2380 793 2462 dicam,
823 2378 925 2452 albus
955 2382 1139 2461 existeret,
1169 2382 1198 2450 is
1229 2380 1453 2474 potissimum
1482 2381 1520 2450 in

408 2480 545 2570 Christo
573 2497 690 2570 fuisset
710 2498 921 2570 servandus:
943 2497 1000 2568 alii
1029 2498 1137 2568 sancti
1164 2497 1253 2576 viri,
1276 2507 1415 2590 praeter
1435 2497 1522 2566 Pro-

409 2613 533 2709 phetae
549 2626 584 2684 et
603 2612 812 2708 Apostolos,
833 2613 915 2695 lieet
932 2614 974 2684 iis
996 2612 1163 2692 admixti,
1186 2608 1283 2682 albas
1308 2622 1421 2682 vestes
1440 2633 1522 2682 raro

408 2727 601 2800 admodum
628 2729 828 2822 praeferunt
848 2741 886 2800 ut
902 2727 1023 2800 videre
1039 2740 1091 2799 est
1107 2729 1144 2798 in
1170 2727 1371 2798 memoratis
1391 2725 1524 2820 pluries

408 2845 550 2918 musivis
565 2843 746 2938 operibus.
766 2845 926 2915 Seniores
942 2846 1064 2938 utique
1083 2845 1119 2914 in
1136 2841 1290 2914 vestibus
1309 2839 1399 2914 albis
1417 2855 1520 2923 sunt,

407 2961 489 3052 quia
508 2963 640 3052 integra
660 2960 749 3028 ratio
773 2982 834 3030 eos
856 2957 1044 3030 exhibendi
1062 2981 1105 3029 ex
1133 2957 1336 3052 apocalypsi
1358 2959 1519 3050 exurgit,

409 3073 546 3146 abibis
578 3073 691 3144 induti
721 3086 974 3146 memorantur.
995 3073 1148 3146 Proinde
1173 3072 1294 3166 regula
1320 3073 1385 3144 ista
1417 3071 1522 3143 effin-

409 3189 513 3284 gendi
527 3189 717 3283 Apostolos
734 3187 888 3262 vestibus
904 3189 993 3262 albis
1015 3188 1195 3262 educenda
1213 3201 1265 3258 est
1282 3189 1401 3284 potius
1419 3209 1462 3259 ex
1479 3211 1522 3260 eo

407 3305 504 3400 quod
531 3307 673 3400 propria
695 3304 842 3377 illorum
865 3305 1035 3377 induendi
1062 3305 1152 3376 ratio
1177 3301 1389 3382 haberetur,
1417 3315 1456 3373 ut
1479 3326 1522 3374 ex

407 3419 566 3492 adductis
585 3421 798 3513 argumentis
816 3433 969 3501 constat,
990 3431 1095 3512 atque
1112 3418 1285 3513 imprimis
1303 3415 1348 3488 ad
1366 3417 1522 3488 ministe-

409 3537 500 3606 rium
518 3538 601 3632 ipsis
627 3534 794 3608 traditum
812 3534 1080 3630 designandum.
1102 3533 1251 3619 Quaevis
1268 3530 1413 3603 demum
1432 3533 1521 3602 ratio

408 3653 575 3730 extiterit,
598 3652 752 3746 privatae
772 3663 884 3723 restes
907 3649 962 3723 vel
983 3650 1155 3722 solemnes
1176 3648 1277 3720 albae
1296 3647 1444 3728 fuerint,
1464 3647 1520 3716 vel

407 3767 511 3836 etiam
537 3767 669 3860 gloriae
693 3765 853 3839 coelestis
878 3765 997 3838 habita
1020 3768 1064 3838 sit
1089 3767 1201 3846 ratio,
1230 3775 1366 3836 certum
1397 3775 1449 3834 est
1476 3760 1521 3832 ab

409 3880 645 3974 antiquissima
663 3893 774 3954 aetate
791 3894 826 3952 et
844 3893 1043 3953 constanter
1065 3883 1206 3952 Petrum
1227 3902 1270 3949 eo
1290 3877 1399 3948 modo
1423 3877 1522 3948 exhi-

409 3993 522 4064 bitum
545 4009 582 4064 ut
601 3995 746 4088 pallium
772 3996 847 4067 eius
873 3983 994 4066 album
1022 3993 1143 4066 lieret:
1171 4015 1281 4089 porro
1305 3991 1436 4062 coloris
1455 3993 1520 4063 ista

264 4126 287 4162 ἰ
409 4109 571 4180 identitas
595 4111 686 4179 inter
711 4111 802 4181 Petri
829 4110 974 4205 pallium
992 4123 1028 4181 et
1052 4132 1190 4181 sacrum
1215 4108 1259 4178 de
1285 4130 1358 4202 quo
1383 4108 1517 4200 agitur,

410 4223 614 4294 relationem
632 4226 730 4298 istius
748 4224 792 4296 ad
817 4223 907 4295 illud
931 4227 1135 4320 pracsertim
1161 4245 1240 4294 cum
1270 4221 1384 4292 allatis
1410 4220 1521 4292 docu-

409 4341 533 4413 mentis
559 4337 700 4410 firmare
728 4352 928 4434 opportune
956 4340 1147 4410 admodum
1174 4337 1325 4410 videtur.
