3402 5222
861 413 1037 476 ..54-

394 563 475 616 cum
493 541 581 614 aliae
597 544 714 614 miuus
733 542 909 614 solemnes
925 555 1039 616 vestes
1058 545 1214 616 invectae
1227 543 1372 616 tuerint:
1394 559 1512 618 tamen

394 659 522 752 iugiter
539 680 579 730 ea
597 657 737 752 vulgata
762 657 884 752 regula
903 657 968 730 tuit
993 657 1196 732 Pontificem
1214 683 1284 731 non
1301 662 1412 733 modo
1435 662 1513 734 ubi·

394 795 558 868 cumque,
574 794 696 844 verum
713 785 750 844 et
764 795 903 869 semper
917 773 1028 846 Pallio
1044 776 1096 846 uti
1108 797 1212 868 posse
1225 828 1234 859 ,
1249 777 1331 872 quia
1345 778 1513 848 nimirum

395 889 539 984 propria
563 884 739 970 absolute,
754 910 794 960 ac
818 890 998 984 potissima
1016 891 1092 962 eius
1116 893 1222 962 vestis
1242 893 1369 974 existit,
1391 905 1513 988 utpote

394 1004 487 1076 Petri
513 1003 767 1076 successionem
788 1003 961 1076 indicans.
983 1003 1172 1078 Enimvero
1188 1005 1355 1078 Silverius
1373 1029 1436 1102 per
1447 1011 1514 1081 Ur-

396 1115 478 1189 bem
495 1118 689 1214 perrexisse
713 1116 880 1202 refertur,
907 1141 1059 1216 cumque
1084 1121 1122 1190 in
1146 1120 1250 1192 aedes
1270 1123 1306 1193 iu
1325 1123 1438 1196 Pincis
1454 1148 1513 1196 ve-

396 1235 526 1326 nisset;
560 1231 711 1306 nefanda
743 1233 803 1304 illa
839 1247 977 1330 patrata
1009 1248 1091 1307 sunt
1124 1247 1164 1306 nt
1198 1259 1262 1332 per
1290 1238 1513 1334 proditorem

395 1343 650 1418 subdiaconum
665 1347 810 1418 l‘allium
824 1371 867 1420 ex
880 1349 955 1420 eius
974 1348 1069 1421 collo
1087 1349 1297 1435 tolleretur,
1313 1351 1409 1425 unde
1420 1366 1514 1426 certe

397 1473 490 1558 patet
505 1461 633 1556 passim
648 1473 722 1532 tum
737 1463 915 1534 Romanos
930 1459 1114 1534 Pontifices
1127 1463 1277 1536 Pallium
1295 1465 1474 1538 detulisse.

469 1577 630 1648 Attamen
649 1577 843 1672 Episcopus
863 1577 1034 1650 Ostiensis
1050 1601 1178 1650 munus
1196 1579 1514 1676 praeclarissimum

396 1691 501 1764 habet
519 1713 754 1764 successorem
772 1692 865 1762 Petri
888 1693 924 1762 in
940 1694 1152 1789 Episcopum
1174 1694 1352 1766 sacrandi:
1378 1695 1461 1767 hinc
1477 1710 1514 1768 et

396 1810 511 1904 ipsum
524 1829 565 1878 ea
578 1807 760 1878 occasione
779 1808 871 1879 Petri
891 1806 1001 1880 Pallio
1021 1821 1230 1882 exornatum
1243 1810 1402 1883 Pontifex
1420 1813 1514 1887 llar-

398 1947 459 1996 cus
484 1923 610 1996 voluit.

470 2039 510 2108 ln
535 2039 673 2134 signum
699 2060 785 2110 vero
811 2039 1071 2110 communionis
1094 2050 1129 2110 et
1154 2039 1296 2112 unitatis
1317 2039 1414 2112 Fidei
1433 2065 1513 2112 cum

398 2153 486 2226 Sede
513 2151 731 2248 Apostolica,
761 2153 822 2224 sed
853 2165 888 2223 et
913 2155 1191 2248 participationis
1215 2155 1395 2250 potestatis
1422 2157 1514 2228 Petri

398 2292 465 2367 pro
487 2270 621 2340 unitate
649 2269 685 2338 in
714 2266 866 2339 Ecclesia
892 2268 1061 2340 servanda
1089 2271 1286 2352 institutae,
1314 2270 1420 2341 datur
1445 2273 1514 2343 l‘a-

398 2383 557 2456 triarchis
581 2386 686 2454 etiam
704 2383 870 2462 Orientis,
888 2383 1100 2456 Primatibus
1122 2397 1158 2456 et
1177 2385 1457 2481 Archiepiscopis
1475 2400 1515 2458 ut

397 2500 483 2572 haec
508 2500 626 2572 missio
644 2501 735 2570 inter
757 2497 882 2571 fratres
907 2501 1100 2595 Episcopos
1127 2500 1323 2572 exercenda
1341 2499 1516 2593 significe-

398 2629 468 2688 tur.
488 2617 531 2686 Et
551 2613 662 2711 probe
687 2613 833 2709 quidem
858 2627 910 2686 est
930 2613 1172 2686 adnotandum
1191 2617 1393 2687 missionem
1412 2617 1515 2688 istam

399 2732 630 2825 antiquiorem
648 2753 723 2802 esse
739 2730 901 2812 decretis,
918 2728 1049 2826 quihus
1069 2731 1258 2802 auctoritas
1270 2732 1345 2826 ipsa
1365 2732 1517 2801 Patriar-

399 2845 507 2918 cltalis
531 2845 586 2916 vel
614 2845 932 2941 Archiepiscopalis
962 2869 1027 2941 per
1052 2867 1204 2917 canones
1235 2843 1417 2939 praefinita
1435 2858 1513 2917 est:
1546 2874 1550 2885 *

397 2962 479 3032 hinc
499 2959 595 3032 Pallii
622 2943 763 3030 traditio
783 2984 857 3033 uon
883 2973 933 3033 est
955 2984 1052 3032 mera
1077 2962 1293 3043 ceremonia,
1316 2960 1517 3056 sedpotior

398 3087 501 3170 atque
520 3075 755 3169 antiquissima
769 3076 859 3147 ratio
876 3075 1072 3170 pleniorem
1091 3073 1191 3145 illam
1214 3087 1428 3171 potestatem
1444 3087 1515 3147 tra-

398 3189 525 3273 dendi,
555 3189 604 3262 ob
627 3211 735 3284 quant
760 3190 923 3261 nonnulli
949 3213 1013 3286 per
1036 3189 1226 3262 Ecclesiam
1248 3191 1428 3262 Antistites
1454 3214 1516 3286 pe-

398 3307 575 3378 culiariter
605 3305 764 3378 advocati
787 3319 870 3378 sunt
894 3317 930 3378 et
954 3304 1175 3377 advocantur
1203 3303 1249 3376 ad
1273 3305 1517 3400 Apostolicum

398 3443 526 3494 munus
547 3423 650 3492 Petro
676 3419 842 3492 traditum
858 3423 935 3492 vice
959 3443 999 3491 ac
1016 3421 1159 3490 nomine
1188 3421 1398 3492 successoris
1421 3421 1515 3491 Petri

397 3534 652 3616 exercendum,
680 3535 921 3629 unitatemque
939 3536 974 3605 in
994 3533 1145 3605 Ecclesia
1168 3535 1359 3628 respective
1377 3556 1516 3628 reprae-

314 3647 318 3658 '
399 3648 606 3720 sentandam
632 3662 736 3743 atque
760 3647 994 3720 efficiendam.

471 3766 567 3836 Patet
593 3766 698 3836 etiam
729 3786 799 3859 qua
828 3763 872 3834 de
900 3785 1002 3835 causa
1028 3786 1092 3858 per
1124 3765 1219 3858 ipsos
1246 3762 1428 3834 Praesules
1458 3761 1516 3832 vel

400 3878 568 3974 speciales
592 3860 841 3950 Procuratores
859 3877 958 3949 Pallii
985 3878 1105 3972 petitio
1124 3876 1330 3948 humillimis
1353 3874 1517 3971 precibus

399 3993 488 4064 iacta
519 3992 562 4064 sit
587 4005 622 4064 et
649 3990 728 4064 fieri
751 3992 899 4065 debeat:
928 3992 1101 4088 siquidem
1126 4015 1199 4062 non
1225 3993 1340 4086 agitur
1364 3991 1409 4061 de
1434 3992 1518 4061 sim-

401 4107 482 4206 plici
509 4109 704 4181 ornameuti
731 4110 977 4191 concessione,
1001 4132 1124 4179 verum
1147 4107 1192 4179 de
1212 4107 1277 4178 illo
1295 4109 1355 4202 qui
1370 4108 1447 4202 ipso
1463 4106 1518 4175 sui

330 4287 336 4302 ,
400 4236 574 4319 conceptu
594 4223 830 4318 Apostolicam
854 4226 1055 4295 missionem
1081 4223 1244 4304 involvit;
1259 4225 1373 4317 'eaque
1399 4222 1517 4292 missio

400 4362 441 4408 ex
464 4341 560 4434 prasi
585 4336 629 4410 ab
656 4337 860 4434 Apostolico
887 4361 973 4410 aevo
990 4339 1033 4410 ad
1062 4361 1226 4433 praesens
1249 4349 1382 4410 servata
1406 4335 1517 4430 accipi
1591 4429 1594 4446 Ι
