3402 5222
867 465 909 482 ..
935 437 1043 498 50..

400 547 490 622 lacta
503 561 568 630 est,
583 549 681 620 cuius
695 560 769 620 acta
782 545 875 644 apud
890 551 1007 643 ipsum
1020 549 1267 620 Bianchinium
1281 551 1430 645 perspici
1440 573 1517 645 pos

399 677 480 738 sunt
493 666 530 736 in
545 665 625 735 vitis
636 667 784 735 Roman.
799 661 1007 735 Pontificum
1023 665 1258 736 tom.2.l’rol.
1274 687 1311 760 p.
1328 669 1389 736 77.
1405 670 1516 738 Porro

399 781 483 852 inde
495 781 631 873 exurgit
649 777 835 850 Pontifices
855 803 979 850 omncs
996 803 1015 852 a
1035 783 1137 850 Petro
1156 779 1201 850 ad
1220 782 1462 853 Innocentium
1485 785 1512 850 Ι.

399 895 524 968 eodem
542 917 687 989 prorsus
704 893 814 964 modo
832 893 990 965 exbiberi
1007 896 1175 965 nimirum
1188 919 1267 966 cum
1284 893 1364 968 alba
1377 899 1513 977 tunica,

401 1023 506 1105 atque
525 1007 607 1082 albo
620 1012 702 1080 item
717 1010 895 1080 communi
915 1009 1024 1104 pallio
1043 1010 1201 1081 humeris
1219 1013 1399 1106 imposito
1419 1015 1517 1084 «Nec

406 1155 424 1194 ι
452 1125 571 1221 dispar
588 1137 640 1196 est
659 1122 830 1196 habitudo
848 1123 1014 1206 facierum
1034 1148 1122 1220 quas
1142 1124 1265 1198 tribuit
1283 1127 1399 1222 pictor
1416 1129 1518 1198 Sum·

405 1270 422 1308 s
450 1243 517 1312 mis
533 1238 781 1320 Pontificibus,
802 1239 839 1310 in
864 1261 905 1311 ea
930 1241 1018 1312 serie
1043 1239 1221 1336 dispositis
1241 1263 1260 1312 a
1286 1243 1321 1312 S.
1342 1244 1445 1313 Petro
1469 1243 1516 1315 ad

405 1385 423 1425 s
451 1357 692 1456 Innocentium
718 1357 745 1425 l.
766 1351 935 1428 exhibens
958 1365 1145 1450 protomen
1170 1356 1393 1451 singulorum
1409 1379 1518 1428 orna-

405 1500 423 1540 »
451 1484 523 1544 tam
544 1469 693 1543 candida
715 1469 853 1550 tunica,
874 1469 1063 1564 purpureis
1088 1469 1206 1542 limbis
1225 1470 1387 1542 distincte
1403 1473 1440 1542 in
1459 1495 1520 1544 su·

406 1588 561 1670 ituris,
595 1597 632 1658 ct
656 1584 764 1682 pallio
795 1583 947 1656 candido
972 1583 1129 1656 humeris
1159 1585 1395 1680 superfuso.»
1424 1588 1520 1659 Haec

402 1701 635 1773 blanchinius.
654 1700 900 1794 Marangonius
919 1701 1005 1771 item
1022 1700 1083 1794 qui
1102 1699 1278 1796 peculiare
1296 1723 1387 1796 opus
1409 1703 1446 1772 in
1465 1727 1520 1774 se-

403 1819 492 1888 riem
519 1817 713 1889 Ostiensem
733 1813 862 1896 edidit,
896 1813 962 1886 hac
993 1817 1130 1886 ratione
1156 1815 1298 1888 illarum
1325 1818 1519 1912 imaginum

404 1931 550 2028 pallium
566 1927 743 2001 describit.
768 1927 900 1998 «Pallii
926 1928 1026 2000 color
1052 1927 1156 2000 albus
1180 1931 1217 2000 in
1242 1929 1441 2002 subflavum
1467 1931 1520 2002 le-

406 2074 424 2114 »
443 2047 533 2118 viter
545 2044 777 2139 degenerans,
796 2042 845 2115 ob
858 2043 973 2114 lanam
987 2045 1022 2114 in
1038 2042 1177 2139 pullum
1195 2044 1395 2116 colorem.»
1414 2047 1517 2118 Haud

403 2160 613 2234 contendam
638 2157 692 2230 his
716 2160 891 2253 integrum
912 2158 1125 2231 'Pontilicale
1154 2173 1401 2231 ornamentum
1432 2185 1520 2232 con-

404 2279 529 2358 tineri‚
557 2275 656 2370 quod
680 2285 773 2346 certe
799 2297 867 2370 pro
898 2271 1126 2346 Pontificibus
1154 2276 1280 2346 saeculi
1311 2279 1519 2370 praesertim

403 2391 519 2486 quarti
544 2387 749 2460 incredibile
779 2388 941 2458 videtur:
971 2399 1122 2459 attamen
1148 2411 1188 2460 ea
1214 2389 1303 2460 ratio
1328 2389 1519 2462 exhibendi

404 2503 587 2576 Pontifices
607 2525 688 2574 cum
714 2502 828 2574 tunica
853 2513 889 2572 et
914 2501 1022 2596 pallio
1041 2500 1144 2584 albo,
1165 2515 1199 2573 et
1224 2503 1367 2596 quidem
1392 2504 1519 2578 eodem

405 2643 550 2716 prorsus
575 2618 683 2690 modo
708 2639 830 2689 omnes
854 2641 935 2688 cum
961 2619 1085 2698 Petro,
1110 2619 1171 2712 qui
1203 2620 1335 2712 pariter
1363 2620 1519 2691 tunicam

405 2748 441 2806 et
465 2734 610 2829 pallium
635 2731 754 2804 album
781 2734 894 2825 gerit,
914 2733 1064 2802 maxime
1090 2731 1302 2803 attendenda
1320 2733 1461 2804 videtur
1480 2748 1520 2806 ut

406 2851 571 2921 nimirum
596 2847 742 2944 pallium
758 2845 879 2918 album
896 2869 916 2920 a
933 2849 1035 2918 Petro
1051 2848 1088 2916 in
1113 2845 1201 2918 alios
1219 2845 1403 2920 Pontifices
1421 2860 1520 2920 tran·
1577 2931 1580 2938 .

406 2967 502 3036 siisse
526 2963 718 3046 fateamur,
750 2975 854 3057 atque
879 2961 962 3032 inde
984 2961 1055 3032 albi
1082 2960 1179 3032 Pallii
1201 2963 1303 3057 origo
1326 2976 1516 3058 repetatur.

687 3160 711 3226 §.
731 3162 757 3214 3.
772 3157 912 3214 Musivum
930 3155 966 3213 ad
985 3157 1014 3212 S.
1033 3156 1232 3215 Laurentium.

480 3309 741 3382 Attendendum
765 3330 907 3402 quoque
933 3309 1108 3380 musivum
1134 3331 1224 3404 opns
1248 3309 1345 3402 quo'd
1370 3305 1520 3382 babetur

407 3430 445 3498 in
476 3425 620 3498 Basilica
650 3425 684 3494 S.
711 3407 886 3494 Laurentii
919 3436 1016 3494 extra
1051 3446 1173 3494 muros
1197 3423 1238 3492 in
1272 3423 1359 3493 facie
1388 3423 1521 3517 postica

406 3543 550 3614 maioris
575 3521 700 3622 arcus,
727 3538 896 3633 quodque
921 3541 988 3610 rite
1021 3561 1134 3633 nuper
1170 3539 1400 3609 instauratum
1426 3537 1521 3609 haud

408 3657 546 3731 dubito.
566 3658 749 3727 Petrus¹e1
766 3677 865 3725 more
891 3655 1007 3725 tunica
1026 3653 1204 3748 pallioque
1219 3653 1370 3726 candido
1383 3655 1519 3724 utitur:

407 3773 444 3842 in
462 3783 616 3841 extrema
634 3782 733 3864 parte
751 3768 909 3866 Pelagius
926 3769 971 3838 ll.
992 3769 1174 3851 invisitur,
1191 3769 1253 3862 qui
1270 3767 1429 3838 Pontifex
1442 3769 1523 3840 exti-

408 3889 451 3958 tit
469 3885 650 3956 desinente
676 3885 816 3956 saeculo
839 3885 897 3955 Vl.
918 3883 1120 3954 immediate
1142 3896 1222 3954 ante
1240 3885 1275 3954 S.
1296 3869 1518 3978 Gregorium.

409 4005 443 4072 ls
460 4002 612 4072 tunicam
630 3998 736 4071 babet
754 3998 889 4080 albam,
911 3998 1030 4070 album
1050 3997 1146 4069 aliud
1165 3999 1319 4094 desuper
1336 3998 1524 4069 indumen-

410 4131 485 4189 tum
500 4170 509 4200 ,
524 4115 675 4209 denique
699 4113 922 4187 Pontificium
940 4113 1088 4186 Pallium
1106 4113 1249 4197 album,
1270 4116 1319 4185 ita
1337 4111 1382 4184 ad
1401 4125 1524 4210 pectus

410 4233 620 4328 dispositum
645 4244 684 4302 ut
708 4231 817 4302 veluti
841 4254 921 4303 cum
945 4229 1061 4301 casula
1081 4252 1191 4301 unum
1210 4230 1298 4325 quid
1316 4227 1525 4312 efficiat,'ac

410 4349 521 4422 ferme
538 4346 674 4420 casulae
700 4345 857 4418 fimbrias
882 4345 1069 4418 efformare
1095 4345 1280 4424 videaturz
1299 4369 1340 4418 ex
1365 4343 1525 4418 interiori
