<?xml version="1.0" encoding="UTF-8"?>
<!DOCTYPE html PUBLIC "-//W3C//DTD XHTML 1.0 Transitional//EN"
    "http://www.w3.org/TR/xhtml1/DTD/xhtml1-transitional.dtd">
<html xmlns="http://www.w3.org/1999/xhtml" xml:lang="en" lang="en">
 <head>
  <title>
</title>
<meta http-equiv="Content-Type" content="text/html;charset=utf-8" />
  <meta name='ocr-system' content='tesseract 3.04.00' />
  <meta name='ocr-capabilities' content='ocr_page ocr_carea ocr_par ocr_line ocrx_word'/>
</head>
<body>
  <div class='ocr_page' id='page_1' title='image "./desacripalliior00vespgoog_0073.png"; bbox 0 0 3402 5222; ppageno 0'>
   <div class='ocr_carea' id='block_1_1' title="bbox 862 320 1040 382">
    <p class='ocr_par' dir='ltr' id='par_1_1' title="bbox 862 320 1040 382">
     <span class='ocr_line' id='line_1_1' title="bbox 862 320 1040 382; baseline 0.011 -18"><span class='ocrx_word' id='word_1_1' title='bbox 862 320 1040 382; x_wconf 63' lang='lat' dir='ltr'><strong>...5ss-</strong></span> 
     </span>
    </p>
   </div>
   <div class='ocr_carea' id='block_1_2' title="bbox 296 448 1570 4340">
    <p class='ocr_par' dir='ltr' id='par_1_2' title="bbox 388 448 1534 1807">
     <span class='ocr_line' id='line_1_2' title="bbox 393 448 1503 545; baseline 0 -23"><span class='ocrx_word' id='word_1_2' title='bbox 393 450 590 545; x_wconf 87' lang='lat' dir='ltr'><strong>ptisterium</strong></span> <span class='ocrx_word' id='word_1_3' title='bbox 604 451 845 522; x_wconf 83' lang='lat' dir='ltr'><strong>Lateranense.</strong></span> <span class='ocrx_word' id='word_1_4' title='bbox 865 449 998 522; x_wconf 83' lang='lat' dir='ltr'>Deinde</span> <span class='ocrx_word' id='word_1_5' title='bbox 1012 448 1191 530; x_wconf 24' lang='lat' dir='ltr'><strong>,Paschalis</strong></span> <span class='ocrx_word' id='word_1_6' title='bbox 1206 451 1234 520; x_wconf 91' lang='lat' dir='ltr'><strong>l.</strong></span> <span class='ocrx_word' id='word_1_7' title='bbox 1249 450 1294 522; x_wconf 89' lang='lat' dir='ltr'><strong>ad</strong></span> <span class='ocrx_word' id='word_1_8' title='bbox 1311 452 1345 521; x_wconf 90' lang='lat' dir='ltr'><strong>S.</strong></span> <span class='ocrx_word' id='word_1_9' title='bbox 1360 453 1503 522; x_wconf 83' lang='lat' dir='ltr'><strong>Mariam</strong></span> 
     </span>
     <span class='ocr_line' id='line_1_3' title="bbox 392 565 1502 660; baseline 0.001 -25"><span class='ocrx_word' id='word_1_10' title='bbox 392 567 429 637; x_wconf 94' lang='lat' dir='ltr'><strong>in</strong></span> <span class='ocrx_word' id='word_1_11' title='bbox 447 565 632 646; x_wconf 89' lang='lat' dir='ltr'><strong>Domniea,</strong></span> <span class='ocrx_word' id='word_1_12' title='bbox 661 565 696 634; x_wconf 91' lang='lat' dir='ltr'><strong>S.</strong></span> <span class='ocrx_word' id='word_1_13' title='bbox 711 565 918 647; x_wconf 80' lang='lat' dir='ltr'><strong>Praxedem‚</strong></span> <span class='ocrx_word' id='word_1_14' title='bbox 939 568 973 636; x_wconf 91' lang='lat' dir='ltr'><strong>S.</strong></span> <span class='ocrx_word' id='word_1_15' title='bbox 995 565 1194 638; x_wconf 82' lang='lat' dir='ltr'><strong>Caeciliam:</strong></span> <span class='ocrx_word' id='word_1_16' title='bbox 1215 576 1250 635; x_wconf 92' lang='lat' dir='ltr'><strong>et</strong></span> <span class='ocrx_word' id='word_1_17' title='bbox 1267 566 1423 660; x_wconf 79' lang='lat' dir='ltr'><strong>Gregorii</strong></span> <span class='ocrx_word' id='word_1_18' title='bbox 1443 567 1502 638; x_wconf 88' lang='lat' dir='ltr'><strong>tv.</strong></span> 
     </span>
     <span class='ocr_line' id='line_1_4' title="bbox 392 679 1506 776; baseline 0 -24"><span class='ocrx_word' id='word_1_19' title='bbox 392 679 438 752; x_wconf 88' lang='lat' dir='ltr'><strong>ad</strong></span> <span class='ocrx_word' id='word_1_20' title='bbox 458 681 492 751; x_wconf 91' lang='lat' dir='ltr'><strong>S.</strong></span> <span class='ocrx_word' id='word_1_21' title='bbox 507 683 675 752; x_wconf 77' lang='lat' dir='ltr'><strong>Marcum.</strong></span> <span class='ocrx_word' id='word_1_22' title='bbox 697 681 845 752; x_wconf 86' lang='lat' dir='ltr'><strong>Demum</strong></span> <span class='ocrx_word' id='word_1_23' title='bbox 865 681 1022 776; x_wconf 92' lang='lat' dir='ltr'><strong>plurium</strong></span> <span class='ocrx_word' id='word_1_24' title='bbox 1041 679 1247 752; x_wconf 88' lang='lat' dir='ltr'><strong>Pontificum</strong></span> <span class='ocrx_word' id='word_1_25' title='bbox 1266 703 1333 775; x_wconf 95' lang='lat' dir='ltr'><strong>pro</strong></span> <span class='ocrx_word' id='word_1_26' title='bbox 1357 681 1506 753; x_wconf 84' lang='lat' dir='ltr'><strong>saeculis</strong></span> 
     </span>
     <span class='ocr_line' id='line_1_5' title="bbox 391 791 1507 889; baseline 0.002 -25"><span class='ocrx_word' id='word_1_27' title='bbox 391 792 697 876; x_wconf 79' lang='lat' dir='ltr'><strong>decimosecundo‚</strong></span> <span class='ocrx_word' id='word_1_28' title='bbox 717 791 958 866; x_wconf 76' lang='lat' dir='ltr'><strong>decimotertio</strong></span> <span class='ocrx_word' id='word_1_29' title='bbox 983 807 1050 866; x_wconf 91' lang='lat' dir='ltr'><strong>etc.</strong></span> <span class='ocrx_word' id='word_1_30' title='bbox 1069 793 1115 866; x_wconf 88' lang='lat' dir='ltr'><strong>ad</strong></span> <span class='ocrx_word' id='word_1_31' title='bbox 1131 795 1166 865; x_wconf 91' lang='lat' dir='ltr'><strong>S.</strong></span> <span class='ocrx_word' id='word_1_32' title='bbox 1183 797 1328 866; x_wconf 83' lang='lat' dir='ltr'><strong>Mariam</strong></span> <span class='ocrx_word' id='word_1_33' title='bbox 1351 807 1507 889; x_wconf 82' lang='lat' dir='ltr'><strong>transty-</strong></span> 
     </span>
     <span class='ocr_line' id='line_1_6' title="bbox 391 905 1506 990; baseline 0.003 -12"><span class='ocrx_word' id='word_1_34' title='bbox 391 906 523 990; x_wconf 91' lang='lat' dir='ltr'><strong>berim,</strong></span> <span class='ocrx_word' id='word_1_35' title='bbox 544 906 589 978; x_wconf 93' lang='lat' dir='ltr'><strong>ad</strong></span> <span class='ocrx_word' id='word_1_36' title='bbox 609 909 818 980; x_wconf 80' lang='lat' dir='ltr'><strong>Lateranum</strong></span> <span class='ocrx_word' id='word_1_37' title='bbox 837 909 874 978; x_wconf 92' lang='lat' dir='ltr'><strong>in</strong></span> <span class='ocrx_word' id='word_1_38' title='bbox 892 909 1064 980; x_wconf 87' lang='lat' dir='ltr'><strong>Ecclesiae</strong></span> <span class='ocrx_word' id='word_1_39' title='bbox 1088 905 1209 981; x_wconf 86' lang='lat' dir='ltr'><strong>abside</strong></span> <span class='ocrx_word' id='word_1_40' title='bbox 1234 922 1301 980; x_wconf 93' lang='lat' dir='ltr'><strong>etc.</strong></span> <span class='ocrx_word' id='word_1_41' title='bbox 1329 909 1506 981; x_wconf 83' lang='lat' dir='ltr'><strong>Nimirum</strong></span> 
     </span>
     <span class='ocr_line' id='line_1_7' title="bbox 390 1021 1506 1120; baseline 0.003 -27"><span class='ocrx_word' id='word_1_42' title='bbox 390 1035 431 1094; x_wconf 94' lang='lat' dir='ltr'><strong>ut</strong></span> <span class='ocrx_word' id='word_1_43' title='bbox 447 1043 543 1094; x_wconf 89' lang='lat' dir='ltr'><strong>sacra</strong></span> <span class='ocrx_word' id='word_1_44' title='bbox 562 1021 749 1095; x_wconf 88' lang='lat' dir='ltr'><strong>commode</strong></span> <span class='ocrx_word' id='word_1_45' title='bbox 772 1036 1021 1118; x_wconf 84' lang='lat' dir='ltr'><strong>peragerentur</strong></span> <span class='ocrx_word' id='word_1_46' title='bbox 1042 1021 1184 1095; x_wconf 87' lang='lat' dir='ltr'><strong>brachia</strong></span> <span class='ocrx_word' id='word_1_47' title='bbox 1202 1037 1238 1095; x_wconf 84' lang='lat' dir='ltr'><strong>et</strong></span> <span class='ocrx_word' id='word_1_48' title='bbox 1254 1047 1379 1096; x_wconf 89' lang='lat' dir='ltr'><strong>manus</strong></span> <span class='ocrx_word' id='word_1_49' title='bbox 1397 1045 1506 1120; x_wconf 80' lang='lat' dir='ltr'><strong>expe-</strong></span> 
     </span>
     <span class='ocr_line' id='line_1_8' title="bbox 390 1135 1534 1234; baseline 0.002 -26"><span class='ocrx_word' id='word_1_50' title='bbox 390 1135 484 1208; x_wconf 87' lang='lat' dir='ltr'><strong>ditae</strong></span> <span class='ocrx_word' id='word_1_51' title='bbox 506 1149 638 1218; x_wconf 82' lang='lat' dir='ltr'><strong>essent,</strong></span> <span class='ocrx_word' id='word_1_52' title='bbox 666 1159 780 1232; x_wconf 89' lang='lat' dir='ltr'><strong>neque</strong></span> <span class='ocrx_word' id='word_1_53' title='bbox 803 1135 950 1234; x_wconf 92' lang='lat' dir='ltr'><strong>pallium</strong></span> <span class='ocrx_word' id='word_1_54' title='bbox 981 1137 1272 1232; x_wconf 91' lang='lat' dir='ltr'><strong>interagendum</strong></span> <span class='ocrx_word' id='word_1_55' title='bbox 1298 1138 1503 1221; x_wconf 85' lang='lat' dir='ltr'><strong>decideret,</strong></span> <span class='ocrx_word' id='word_1_56' title='bbox 1531 1141 1534 1146; x_wconf 83' lang='lat'>&#39;</span> 
     </span>
     <span class='ocr_line' id='line_1_9' title="bbox 389 1250 1506 1348; baseline 0.004 -26"><span class='ocrx_word' id='word_1_57' title='bbox 389 1250 538 1345; x_wconf 89' lang='lat' dir='ltr'><strong>pallium</strong></span> <span class='ocrx_word' id='word_1_58' title='bbox 556 1265 635 1324; x_wconf 91' lang='lat' dir='ltr'><strong>ante</strong></span> <span class='ocrx_word' id='word_1_59' title='bbox 652 1264 774 1348; x_wconf 89' lang='lat' dir='ltr'><strong>pectus</strong></span> <span class='ocrx_word' id='word_1_60' title='bbox 791 1253 957 1348; x_wconf 87' lang='lat' dir='ltr'><strong>coniungi</strong></span> <span class='ocrx_word' id='word_1_61' title='bbox 973 1255 1097 1347; x_wconf 89' lang='lat' dir='ltr'><strong>caepit,</strong></span> <span class='ocrx_word' id='word_1_62' title='bbox 1113 1266 1147 1324; x_wconf 88' lang='lat' dir='ltr'><strong>et</strong></span> <span class='ocrx_word' id='word_1_63' title='bbox 1161 1252 1304 1326; x_wconf 90' lang='lat' dir='ltr'><strong>brachia</strong></span> <span class='ocrx_word' id='word_1_64' title='bbox 1322 1253 1506 1326; x_wconf 90' lang='lat' dir='ltr'><strong>hincinde</strong></span> 
     </span>
     <span class='ocr_line' id='line_1_10' title="bbox 389 1365 1506 1441; baseline 0.002 -4"><span class='ocrx_word' id='word_1_65' title='bbox 389 1387 432 1438; x_wconf 81' lang='lat' dir='ltr'><strong>ex</strong></span> <span class='ocrx_word' id='word_1_66' title='bbox 454 1365 604 1440; x_wconf 87' lang='lat' dir='ltr'><strong>fimbriis</strong></span> <span class='ocrx_word' id='word_1_67' title='bbox 621 1366 905 1441; x_wconf 83' lang='lat' dir='ltr'><strong>extrahebantur.</strong></span> <span class='ocrx_word' id='word_1_68' title='bbox 923 1367 992 1438; x_wconf 86' lang='lat' dir='ltr'><strong>Alii</strong></span> <span class='ocrx_word' id='word_1_69' title='bbox 1008 1390 1094 1439; x_wconf 89' lang='lat' dir='ltr'><strong>vero</strong></span> <span class='ocrx_word' id='word_1_70' title='bbox 1109 1367 1304 1439; x_wconf 87' lang='lat' dir='ltr'><strong>Orientales</strong></span> <span class='ocrx_word' id='word_1_71' title='bbox 1328 1370 1378 1439; x_wconf 90' lang='lat' dir='ltr'><strong>uti</strong></span> <span class='ocrx_word' id='word_1_72' title='bbox 1399 1369 1506 1441; x_wconf 87' lang='lat' dir='ltr'><strong>Chal-</strong></span> 
     </span>
     <span class='ocr_line' id='line_1_11' title="bbox 389 1481 1503 1579; baseline 0.004 -27"><span class='ocrx_word' id='word_1_73' title='bbox 389 1481 485 1566; x_wconf 90' lang='lat' dir='ltr'><strong>daei,</strong></span> <span class='ocrx_word' id='word_1_74' title='bbox 510 1485 654 1556; x_wconf 78' lang='lat' dir='ltr'><strong>Armeni</strong></span> <span class='ocrx_word' id='word_1_75' title='bbox 671 1483 884 1556; x_wconf 87' lang='lat' dir='ltr'><strong>disiunctum</strong></span> <span class='ocrx_word' id='word_1_76' title='bbox 903 1482 1051 1579; x_wconf 89' lang='lat' dir='ltr'><strong>pallium</strong></span> <span class='ocrx_word' id='word_1_77' title='bbox 1077 1506 1138 1554; x_wconf 89' lang='lat' dir='ltr'><strong>seu</strong></span> <span class='ocrx_word' id='word_1_78' title='bbox 1164 1484 1317 1555; x_wconf 82' lang='lat' dir='ltr'><strong>casulam</strong></span> <span class='ocrx_word' id='word_1_79' title='bbox 1342 1497 1503 1568; x_wconf 81' lang='lat' dir='ltr'><strong>servant,</strong></span> 
     </span>
     <span class='ocr_line' id='line_1_12' title="bbox 389 1595 1506 1696; baseline 0.002 -28"><span class='ocrx_word' id='word_1_80' title='bbox 389 1595 545 1670; x_wconf 85' lang='lat' dir='ltr'><strong>adbibita</strong></span> <span class='ocrx_word' id='word_1_81' title='bbox 564 1598 693 1671; x_wconf 89' lang='lat' dir='ltr'><strong>lamina</strong></span> <span class='ocrx_word' id='word_1_82' title='bbox 716 1599 771 1672; x_wconf 86' lang='lat' dir='ltr'><strong>vel</strong></span> <span class='ocrx_word' id='word_1_83' title='bbox 797 1596 907 1670; x_wconf 84' lang='lat' dir='ltr'><strong>fibula</strong></span> <span class='ocrx_word' id='word_1_84' title='bbox 931 1597 975 1668; x_wconf 88' lang='lat' dir='ltr'><strong>ad</strong></span> <span class='ocrx_word' id='word_1_85' title='bbox 999 1595 1158 1670; x_wconf 90' lang='lat' dir='ltr'><strong>fimbrias</strong></span> <span class='ocrx_word' id='word_1_86' title='bbox 1176 1612 1255 1670; x_wconf 90' lang='lat' dir='ltr'><strong>ante</strong></span> <span class='ocrx_word' id='word_1_87' title='bbox 1277 1611 1398 1696; x_wconf 86' lang='lat' dir='ltr'><strong>pectus</strong></span> <span class='ocrx_word' id='word_1_88' title='bbox 1423 1601 1506 1670; x_wconf 91' lang='lat' dir='ltr'><strong>iun-</strong></span> 
     </span>
     <span class='ocr_line' id='line_1_13' title="bbox 388 1712 532 1807; baseline -0.007 -23"><span class='ocrx_word' id='word_1_89' title='bbox 388 1712 532 1807; x_wconf 90' lang='lat' dir='ltr'><strong>gendas.</strong></span> 
     </span>
    </p>

    <p class='ocr_par' dir='ltr' id='par_1_3' title="bbox 296 1829 1570 3074">
     <span class='ocr_line' id='line_1_14' title="bbox 460 1829 1503 1924; baseline -0.001 -24"><span class='ocrx_word' id='word_1_90' title='bbox 460 1831 580 1924; x_wconf 89' lang='lat' dir='ltr'><strong>Neque</strong></span> <span class='ocrx_word' id='word_1_91' title='bbox 594 1829 704 1924; x_wconf 88' lang='lat' dir='ltr'><strong>repeti</strong></span> <span class='ocrx_word' id='word_1_92' title='bbox 716 1841 833 1924; x_wconf 87' lang='lat' dir='ltr'><strong>potest</strong></span> <span class='ocrx_word' id='word_1_93' title='bbox 846 1829 962 1902; x_wconf 86' lang='lat' dir='ltr'><strong>casula</strong></span> <span class='ocrx_word' id='word_1_94' title='bbox 974 1850 1018 1899; x_wconf 86' lang='lat' dir='ltr'><strong>ex</strong></span> <span class='ocrx_word' id='word_1_95' title='bbox 1033 1830 1141 1900; x_wconf 86' lang='lat' dir='ltr'><strong>veteri</strong></span> <span class='ocrx_word' id='word_1_96' title='bbox 1156 1842 1255 1924; x_wconf 86' lang='lat' dir='ltr'><strong>toga:</strong></span> <span class='ocrx_word' id='word_1_97' title='bbox 1275 1831 1393 1924; x_wconf 90' lang='lat' dir='ltr'><strong>primo</strong></span> <span class='ocrx_word' id='word_1_98' title='bbox 1407 1833 1503 1901; x_wconf 86' lang='lat' dir='ltr'><strong>enim</strong></span> 
     </span>
     <span class='ocr_line' id='line_1_15' title="bbox 296 1933 1570 2048; baseline 0.001 -34"><span class='ocrx_word' id='word_1_99' title='bbox 296 1933 298 1940; x_wconf 72' lang='grc'><strong>’</strong></span> <span class='ocrx_word' id='word_1_100' title='bbox 387 1942 570 2037; x_wconf 92' lang='lat' dir='ltr'><strong>quomodo</strong></span> <span class='ocrx_word' id='word_1_101' title='bbox 582 1944 677 2039; x_wconf 92' lang='lat' dir='ltr'><strong>apud</strong></span> <span class='ocrx_word' id='word_1_102' title='bbox 690 1946 839 2016; x_wconf 87' lang='lat' dir='ltr'><strong>Graecos</strong></span> <span class='ocrx_word' id='word_1_103' title='bbox 852 1956 954 2040; x_wconf 85' lang='lat' dir='ltr'><strong>togae</strong></span> <span class='ocrx_word' id='word_1_104' title='bbox 970 1968 1065 2028; x_wconf 87' lang='lat' dir='ltr'><strong>usus,</strong></span> <span class='ocrx_word' id='word_1_105' title='bbox 1078 1967 1202 2016; x_wconf 88' lang='lat' dir='ltr'><strong>eorum</strong></span> <span class='ocrx_word' id='word_1_106' title='bbox 1218 1957 1371 2016; x_wconf 87' lang='lat' dir='ltr'><strong>attamen</strong></span> <span class='ocrx_word' id='word_1_107' title='bbox 1384 1944 1503 2017; x_wconf 89' lang='lat' dir='ltr'><strong>casula</strong></span> <span class='ocrx_word' id='word_1_108' title='bbox 1564 2041 1570 2048; x_wconf 92' lang='lat'><strong>.</strong></span> 
     </span>
     <span class='ocr_line' id='line_1_16' title="bbox 388 2055 1503 2131; baseline 0.004 -5"><span class='ocrx_word' id='word_1_109' title='bbox 388 2055 511 2128; x_wconf 90' lang='lat' dir='ltr'><strong>eadem</strong></span> <span class='ocrx_word' id='word_1_110' title='bbox 542 2069 594 2129; x_wconf 90' lang='lat' dir='ltr'><strong>est</strong></span> <span class='ocrx_word' id='word_1_111' title='bbox 624 2079 664 2130; x_wconf 91' lang='lat' dir='ltr'><strong>ac</strong></span> <span class='ocrx_word' id='word_1_112' title='bbox 688 2057 793 2130; x_wconf 86' lang='lat' dir='ltr'><strong>latina</strong></span> <span class='ocrx_word' id='word_1_113' title='bbox 819 2071 898 2129; x_wconf 91' lang='lat' dir='ltr'><strong>ante</strong></span> <span class='ocrx_word' id='word_1_114' title='bbox 927 2072 1105 2129; x_wconf 88' lang='lat' dir='ltr'><strong>recentem</strong></span> <span class='ocrx_word' id='word_1_115' title='bbox 1137 2058 1330 2130; x_wconf 90' lang='lat' dir='ltr'><strong>admodum</strong></span> <span class='ocrx_word' id='word_1_116' title='bbox 1361 2072 1503 2131; x_wconf 89' lang='lat' dir='ltr'><strong>nostrae</strong></span> 
     </span>
     <span class='ocr_line' id='line_1_17' title="bbox 300 2171 1502 2267; baseline 0.002 -25"><span class='ocrx_word' id='word_1_117' title='bbox 300 2223 303 2230; x_wconf 60' lang='lat'><strong>.</strong></span> <span class='ocrx_word' id='word_1_118' title='bbox 386 2171 702 2244; x_wconf 89' lang='lat' dir='ltr'><strong>detruncationem.</strong></span> <span class='ocrx_word' id='word_1_119' title='bbox 728 2174 769 2244; x_wconf 96' lang='lat' dir='ltr'><strong>ln</strong></span> <span class='ocrx_word' id='word_1_120' title='bbox 795 2174 947 2267; x_wconf 89' lang='lat' dir='ltr'><strong>antiquis</strong></span> <span class='ocrx_word' id='word_1_121' title='bbox 974 2175 1210 2244; x_wconf 87' lang='lat' dir='ltr'><strong>monumentis</strong></span> <span class='ocrx_word' id='word_1_122' title='bbox 1235 2197 1275 2244; x_wconf 92' lang='lat' dir='ltr'><strong>ac</strong></span> <span class='ocrx_word' id='word_1_123' title='bbox 1299 2175 1404 2245; x_wconf 92' lang='lat' dir='ltr'><strong>etiam</strong></span> <span class='ocrx_word' id='word_1_124' title='bbox 1421 2197 1502 2244; x_wconf 92' lang='lat' dir='ltr'><strong>mu·</strong></span> 
     </span>
     <span class='ocr_line' id='line_1_18' title="bbox 385 2287 1502 2384; baseline 0.002 -26"><span class='ocrx_word' id='word_1_125' title='bbox 385 2289 467 2358; x_wconf 91' lang='lat' dir='ltr'><strong>sivis</strong></span> <span class='ocrx_word' id='word_1_126' title='bbox 487 2287 607 2360; x_wconf 88' lang='lat' dir='ltr'><strong>videre</strong></span> <span class='ocrx_word' id='word_1_127' title='bbox 630 2301 681 2360; x_wconf 89' lang='lat' dir='ltr'><strong>est</strong></span> <span class='ocrx_word' id='word_1_128' title='bbox 703 2287 822 2384; x_wconf 86' lang='lat' dir='ltr'><strong>plures</strong></span> <span class='ocrx_word' id='word_1_129' title='bbox 838 2313 920 2360; x_wconf 92' lang='lat' dir='ltr'><strong>cum</strong></span> <span class='ocrx_word' id='word_1_130' title='bbox 947 2301 1047 2384; x_wconf 92' lang='lat' dir='ltr'><strong>toga,</strong></span> <span class='ocrx_word' id='word_1_131' title='bbox 1074 2288 1124 2358; x_wconf 92' lang='lat' dir='ltr'><strong>nil</strong></span> <span class='ocrx_word' id='word_1_132' title='bbox 1146 2301 1262 2360; x_wconf 90' lang='lat' dir='ltr'><strong>tamen</strong></span> <span class='ocrx_word' id='word_1_133' title='bbox 1281 2311 1321 2360; x_wconf 87' lang='lat' dir='ltr'><strong>aa</strong></span> <span class='ocrx_word' id='word_1_134' title='bbox 1339 2312 1419 2360; x_wconf 91' lang='lat' dir='ltr'><strong>cum</strong></span> <span class='ocrx_word' id='word_1_135' title='bbox 1444 2312 1502 2360; x_wconf 91' lang='lat' dir='ltr'><strong>sa-</strong></span> 
     </span>
     <span class='ocr_line' id='line_1_19' title="bbox 386 2401 1502 2497; baseline 0 -23"><span class='ocrx_word' id='word_1_136' title='bbox 386 2402 553 2474; x_wconf 89' lang='lat' dir='ltr'><strong>cerdotali</strong></span> <span class='ocrx_word' id='word_1_137' title='bbox 580 2403 696 2475; x_wconf 88' lang='lat' dir='ltr'><strong>casula</strong></span> <span class='ocrx_word' id='word_1_138' title='bbox 721 2426 871 2474; x_wconf 92' lang='lat' dir='ltr'><strong>comune</strong></span> <span class='ocrx_word' id='word_1_139' title='bbox 888 2401 1007 2480; x_wconf 89' lang='lat' dir='ltr'><strong>habet.</strong></span> <span class='ocrx_word' id='word_1_140' title='bbox 1029 2405 1218 2475; x_wconf 86' lang='lat' dir='ltr'><strong>Enimvero</strong></span> <span class='ocrx_word' id='word_1_141' title='bbox 1241 2406 1278 2473; x_wconf 92' lang='lat' dir='ltr'><strong>in</strong></span> <span class='ocrx_word' id='word_1_142' title='bbox 1302 2416 1383 2497; x_wconf 87' lang='lat' dir='ltr'><strong>toga</strong></span> <span class='ocrx_word' id='word_1_143' title='bbox 1402 2417 1439 2474; x_wconf 90' lang='lat' dir='ltr'><strong>ut</strong></span> <span class='ocrx_word' id='word_1_144' title='bbox 1456 2427 1502 2475; x_wconf 86' lang='lat' dir='ltr'><strong>ex</strong></span> 
     </span>
     <span class='ocr_line' id='line_1_20' title="bbox 386 2515 1501 2614; baseline 0.003 -26"><span class='ocrx_word' id='word_1_145' title='bbox 386 2519 536 2612; x_wconf 87' lang='lat' dir='ltr'><strong>antiquis</strong></span> <span class='ocrx_word' id='word_1_146' title='bbox 561 2517 792 2614; x_wconf 88' lang='lat' dir='ltr'><strong>scriptoribus</strong></span> <span class='ocrx_word' id='word_1_147' title='bbox 816 2541 857 2590; x_wconf 90' lang='lat' dir='ltr'><strong>ac</strong></span> <span class='ocrx_word' id='word_1_148' title='bbox 881 2522 1119 2590; x_wconf 90' lang='lat' dir='ltr'><strong>monumentis</strong></span> <span class='ocrx_word' id='word_1_149' title='bbox 1144 2515 1381 2614; x_wconf 85' lang='lat' dir='ltr'><strong>dignoscitur,</strong></span> <span class='ocrx_word' id='word_1_150' title='bbox 1407 2519 1501 2591; x_wconf 88' lang='lat' dir='ltr'><strong>latus</strong></span> 
     </span>
     <span class='ocr_line' id='line_1_21' title="bbox 384 2630 1502 2730; baseline 0.002 -28"><span class='ocrx_word' id='word_1_151' title='bbox 384 2631 568 2704; x_wconf 85' lang='lat' dir='ltr'><strong>dexterum</strong></span> <span class='ocrx_word' id='word_1_152' title='bbox 593 2632 735 2730; x_wconf 90' lang='lat' dir='ltr'><strong>patebat</strong></span> <span class='ocrx_word' id='word_1_153' title='bbox 759 2645 795 2705; x_wconf 88' lang='lat' dir='ltr'><strong>et</strong></span> <span class='ocrx_word' id='word_1_154' title='bbox 819 2630 1025 2714; x_wconf 69' lang='lat' dir='ltr'><strong>brachium:</strong></span> <span class='ocrx_word' id='word_1_155' title='bbox 1053 2632 1176 2705; x_wconf 89' lang='lat' dir='ltr'><strong>eadem</strong></span> <span class='ocrx_word' id='word_1_156' title='bbox 1202 2655 1289 2705; x_wconf 88' lang='lat' dir='ltr'><strong>vero</strong></span> <span class='ocrx_word' id='word_1_157' title='bbox 1319 2631 1502 2728; x_wconf 84' lang='lat' dir='ltr'><strong>operiebat</strong></span> 
     </span>
     <span class='ocr_line' id='line_1_22' title="bbox 385 2747 1498 2842; baseline 0.001 -24"><span class='ocrx_word' id='word_1_158' title='bbox 385 2759 521 2842; x_wconf 91' lang='lat' dir='ltr'><strong>partem</strong></span> <span class='ocrx_word' id='word_1_159' title='bbox 545 2750 773 2830; x_wconf 91' lang='lat' dir='ltr'><strong>anteriorem,</strong></span> <span class='ocrx_word' id='word_1_160' title='bbox 802 2747 893 2820; x_wconf 90' lang='lat' dir='ltr'><strong>latus</strong></span> <span class='ocrx_word' id='word_1_161' title='bbox 918 2749 1096 2818; x_wconf 90' lang='lat' dir='ltr'><strong>sinistrum</strong></span> <span class='ocrx_word' id='word_1_162' title='bbox 1115 2760 1150 2818; x_wconf 90' lang='lat' dir='ltr'><strong>et</strong></span> <span class='ocrx_word' id='word_1_163' title='bbox 1169 2759 1303 2842; x_wconf 89' lang='lat' dir='ltr'><strong>partem</strong></span> <span class='ocrx_word' id='word_1_164' title='bbox 1330 2750 1498 2842; x_wconf 89' lang='lat' dir='ltr'><strong>posterio-</strong></span> 
     </span>
     <span class='ocr_line' id='line_1_23' title="bbox 384 2861 1499 2960; baseline 0.001 -26"><span class='ocrx_word' id='word_1_165' title='bbox 384 2885 481 2944; x_wconf 89' lang='lat' dir='ltr'><strong>rem,</strong></span> <span class='ocrx_word' id='word_1_166' title='bbox 511 2863 599 2960; x_wconf 85' lang='lat' dir='ltr'><strong>adeo</strong></span> <span class='ocrx_word' id='word_1_167' title='bbox 628 2876 667 2936; x_wconf 92' lang='lat' dir='ltr'><strong>ut</strong></span> <span class='ocrx_word' id='word_1_168' title='bbox 696 2865 873 2935; x_wconf 86' lang='lat' dir='ltr'><strong>sinistrum</strong></span> <span class='ocrx_word' id='word_1_169' title='bbox 899 2861 1102 2944; x_wconf 86' lang='lat' dir='ltr'><strong>brachium,</strong></span> <span class='ocrx_word' id='word_1_170' title='bbox 1128 2861 1302 2934; x_wconf 83' lang='lat' dir='ltr'><strong>elevando</strong></span> <span class='ocrx_word' id='word_1_171' title='bbox 1323 2877 1440 2958; x_wconf 90' lang='lat' dir='ltr'><strong>togam</strong></span> <span class='ocrx_word' id='word_1_172' title='bbox 1461 2867 1499 2935; x_wconf 94' lang='lat' dir='ltr'><strong>in</strong></span> 
     </span>
     <span class='ocr_line' id='line_1_24' title="bbox 384 2979 808 3074; baseline -0.005 -22"><span class='ocrx_word' id='word_1_173' title='bbox 384 2982 497 3060; x_wconf 87' lang='lat' dir='ltr'><strong>sinus,</strong></span> <span class='ocrx_word' id='word_1_174' title='bbox 525 2979 808 3074; x_wconf 89' lang='lat' dir='ltr'><strong>protenderetur.</strong></span> 
     </span>
    </p>

    <p class='ocr_par' dir='ltr' id='par_1_4' title="bbox 381 3094 1500 3649">
     <span class='ocr_line' id='line_1_25' title="bbox 455 3094 1500 3191; baseline -0.002 -25"><span class='ocrx_word' id='word_1_175' title='bbox 455 3097 527 3166; x_wconf 89' lang='lat' dir='ltr'><strong>Nec</strong></span> <span class='ocrx_word' id='word_1_176' title='bbox 555 3097 686 3191; x_wconf 93' lang='lat' dir='ltr'><strong>pariter</strong></span> <span class='ocrx_word' id='word_1_177' title='bbox 714 3117 757 3165; x_wconf 86' lang='lat' dir='ltr'><strong>ex</strong></span> <span class='ocrx_word' id='word_1_178' title='bbox 785 3095 958 3189; x_wconf 89' lang='lat' dir='ltr'><strong>paenula;</strong></span> <span class='ocrx_word' id='word_1_179' title='bbox 991 3096 1096 3166; x_wconf 88' lang='lat' dir='ltr'><strong>vestis</strong></span> <span class='ocrx_word' id='word_1_180' title='bbox 1126 3095 1221 3165; x_wconf 87' lang='lat' dir='ltr'><strong>enim</strong></span> <span class='ocrx_word' id='word_1_181' title='bbox 1245 3094 1330 3164; x_wconf 88' lang='lat' dir='ltr'><strong>haec</strong></span> <span class='ocrx_word' id='word_1_182' title='bbox 1354 3115 1500 3188; x_wconf 91' lang='lat' dir='ltr'><strong>prorsus</strong></span> 
     </span>
     <span class='ocr_line' id='line_1_26' title="bbox 385 3209 1498 3312; baseline -0.002 -32"><span class='ocrx_word' id='word_1_183' title='bbox 385 3212 519 3304; x_wconf 90' lang='lat' dir='ltr'><strong>privata</strong></span> <span class='ocrx_word' id='word_1_184' title='bbox 541 3232 608 3306; x_wconf 90' lang='lat' dir='ltr'><strong>pro</strong></span> <span class='ocrx_word' id='word_1_185' title='bbox 626 3209 810 3281; x_wconf 89' lang='lat' dir='ltr'><strong>itineribus</strong></span> <span class='ocrx_word' id='word_1_186' title='bbox 826 3223 862 3281; x_wconf 91' lang='lat' dir='ltr'><strong>et</strong></span> <span class='ocrx_word' id='word_1_187' title='bbox 884 3209 1026 3306; x_wconf 90' lang='lat' dir='ltr'><strong>pluvia,</strong></span> <span class='ocrx_word' id='word_1_188' title='bbox 1048 3209 1142 3282; x_wconf 90' lang='lat' dir='ltr'><strong>haud</strong></span> <span class='ocrx_word' id='word_1_189' title='bbox 1161 3211 1294 3312; x_wconf 88' lang='lat' dir='ltr'><strong>censeri</strong></span> <span class='ocrx_word' id='word_1_190' title='bbox 1316 3221 1432 3304; x_wconf 89' lang='lat' dir='ltr'><strong>potest</strong></span> <span class='ocrx_word' id='word_1_191' title='bbox 1454 3209 1498 3280; x_wconf 90' lang='lat' dir='ltr'><strong>ad</strong></span> 
     </span>
     <span class='ocr_line' id='line_1_27' title="bbox 382 3324 1498 3420; baseline -0.002 -24"><span class='ocrx_word' id='word_1_192' title='bbox 382 3349 457 3396; x_wconf 93' lang='lat' dir='ltr'><strong>rem</strong></span> <span class='ocrx_word' id='word_1_193' title='bbox 476 3349 608 3396; x_wconf 90' lang='lat' dir='ltr'><strong>sacram</strong></span> <span class='ocrx_word' id='word_1_194' title='bbox 627 3325 735 3396; x_wconf 90' lang='lat' dir='ltr'><strong>veluti</strong></span> <span class='ocrx_word' id='word_1_195' title='bbox 752 3324 909 3397; x_wconf 88' lang='lat' dir='ltr'><strong>nobilior</strong></span> <span class='ocrx_word' id='word_1_196' title='bbox 926 3325 1099 3406; x_wconf 86' lang='lat' dir='ltr'><strong>adhibita,</strong></span> <span class='ocrx_word' id='word_1_197' title='bbox 1120 3325 1196 3396; x_wconf 90' lang='lat' dir='ltr'><strong>aliis</strong></span> <span class='ocrx_word' id='word_1_198' title='bbox 1215 3327 1374 3420; x_wconf 87' lang='lat' dir='ltr'><strong>sepositis</strong></span> <span class='ocrx_word' id='word_1_199' title='bbox 1392 3325 1498 3394; x_wconf 92' lang='lat' dir='ltr'><strong>indu-</strong></span> 
     </span>
     <span class='ocr_line' id='line_1_28' title="bbox 381 3440 1497 3535; baseline 0.001 -26"><span class='ocrx_word' id='word_1_200' title='bbox 381 3443 509 3511; x_wconf 87' lang='lat' dir='ltr'><strong>mentis</strong></span> <span class='ocrx_word' id='word_1_201' title='bbox 532 3443 675 3535; x_wconf 90' lang='lat' dir='ltr'><strong>quaein</strong></span> <span class='ocrx_word' id='word_1_202' title='bbox 697 3441 789 3512; x_wconf 88' lang='lat' dir='ltr'><strong>civili</strong></span> <span class='ocrx_word' id='word_1_203' title='bbox 809 3465 874 3512; x_wconf 91' lang='lat' dir='ltr'><strong>usu</strong></span> <span class='ocrx_word' id='word_1_204' title='bbox 892 3455 1004 3512; x_wconf 90' lang='lat' dir='ltr'><strong>erant.</strong></span> <span class='ocrx_word' id='word_1_205' title='bbox 1032 3442 1122 3512; x_wconf 90' lang='lat' dir='ltr'><strong>Hinc</strong></span> <span class='ocrx_word' id='word_1_206' title='bbox 1138 3440 1293 3535; x_wconf 76' lang='lat' dir='ltr'><strong>pluviale</strong></span> <span class='ocrx_word' id='word_1_207' title='bbox 1313 3441 1431 3534; x_wconf 89' lang='lat' dir='ltr'><strong>potins</strong></span> <span class='ocrx_word' id='word_1_208' title='bbox 1454 3463 1497 3510; x_wconf 84' lang='lat' dir='ltr'><strong>ex</strong></span> 
     </span>
     <span class='ocr_line' id='line_1_29' title="bbox 383 3555 757 3649; baseline -0.003 -23"><span class='ocrx_word' id='word_1_209' title='bbox 383 3555 531 3649; x_wconf 90' lang='lat' dir='ltr'><strong>paenula</strong></span> <span class='ocrx_word' id='word_1_210' title='bbox 556 3557 757 3628; x_wconf 85' lang='lat' dir='ltr'><strong>deducitur.</strong></span> 
     </span>
    </p>

    <p class='ocr_par' dir='ltr' id='par_1_5' title="bbox 381 3669 1498 4340">
     <span class='ocr_line' id='line_1_30' title="bbox 453 3669 1497 3765; baseline 0.001 -24"><span class='ocrx_word' id='word_1_211' title='bbox 453 3673 630 3755; x_wconf 85' lang='lat' dir='ltr'><strong>Quorsum</strong></span> <span class='ocrx_word' id='word_1_212' title='bbox 645 3695 730 3742; x_wconf 89' lang='lat' dir='ltr'><strong>vero</strong></span> <span class='ocrx_word' id='word_1_213' title='bbox 749 3672 834 3742; x_wconf 89' lang='lat' dir='ltr'><strong>haec</strong></span> <span class='ocrx_word' id='word_1_214' title='bbox 852 3673 993 3742; x_wconf 76' lang='lat' dir='ltr'><strong>omnia?</strong></span> <span class='ocrx_word' id='word_1_215' title='bbox 1014 3673 1187 3742; x_wconf 88' lang='lat' dir='ltr'><strong>Nimirum</strong></span> <span class='ocrx_word' id='word_1_216' title='bbox 1208 3671 1325 3742; x_wconf 89' lang='lat' dir='ltr'><strong>casula</strong></span> <span class='ocrx_word' id='word_1_217' title='bbox 1342 3693 1403 3742; x_wconf 88' lang='lat' dir='ltr'><strong>seu</strong></span> <span class='ocrx_word' id='word_1_218' title='bbox 1419 3669 1497 3765; x_wconf 89' lang='lat' dir='ltr'><strong>pla-</strong></span> 
     </span>
     <span class='ocr_line' id='line_1_31' title="bbox 383 3783 1498 3880; baseline 0 -26"><span class='ocrx_word' id='word_1_219' title='bbox 383 3797 461 3856; x_wconf 90' lang='lat' dir='ltr'><strong>neta</strong></span> <span class='ocrx_word' id='word_1_220' title='bbox 480 3787 654 3880; x_wconf 88' lang='lat' dir='ltr'><strong>peculiare</strong></span> <span class='ocrx_word' id='word_1_221' title='bbox 673 3809 809 3856; x_wconf 89' lang='lat' dir='ltr'><strong>sacrum</strong></span> <span class='ocrx_word' id='word_1_222' title='bbox 827 3783 1004 3856; x_wconf 89' lang='lat' dir='ltr'><strong>Pontificis</strong></span> <span class='ocrx_word' id='word_1_223' title='bbox 1022 3797 1056 3856; x_wconf 91' lang='lat' dir='ltr'><strong>et</strong></span> <span class='ocrx_word' id='word_1_224' title='bbox 1069 3783 1360 3879; x_wconf 81' lang='lat' dir='ltr'><strong>Presbyterorum</strong></span> <span class='ocrx_word' id='word_1_225' title='bbox 1378 3785 1498 3877; x_wconf 89' lang='lat' dir='ltr'><strong>singu-</strong></span> 
     </span>
     <span class='ocr_line' id='line_1_32' title="bbox 381 3899 1496 3994; baseline -0.002 -24"><span class='ocrx_word' id='word_1_226' title='bbox 381 3899 499 3971; x_wconf 90' lang='lat' dir='ltr'><strong>lorum</strong></span> <span class='ocrx_word' id='word_1_227' title='bbox 518 3901 663 3994; x_wconf 90' lang='lat' dir='ltr'><strong>pallium</strong></span> <span class='ocrx_word' id='word_1_228' title='bbox 678 3899 836 3972; x_wconf 79' lang='lat' dir='ltr'><strong>exhibet:</strong></span> <span class='ocrx_word' id='word_1_229' title='bbox 853 3914 888 3971; x_wconf 93' lang='lat' dir='ltr'><strong>at</strong></span> <span class='ocrx_word' id='word_1_230' title='bbox 903 3900 1062 3971; x_wconf 81' lang='lat' dir='ltr'><strong>Pontifex</strong></span> <span class='ocrx_word' id='word_1_231' title='bbox 1075 3899 1170 3970; x_wconf 91' lang='lat' dir='ltr'><strong>aliud</strong></span> <span class='ocrx_word' id='word_1_232' title='bbox 1186 3900 1284 3971; x_wconf 89' lang='lat' dir='ltr'><strong>addit</strong></span> <span class='ocrx_word' id='word_1_233' title='bbox 1301 3913 1336 3971; x_wconf 90' lang='lat' dir='ltr'><strong>et</strong></span> <span class='ocrx_word' id='word_1_234' title='bbox 1352 3899 1496 3993; x_wconf 90' lang='lat' dir='ltr'><strong>quidem</strong></span> 
     </span>
     <span class='ocr_line' id='line_1_33' title="bbox 381 4013 1496 4108; baseline -0.002 -23"><span class='ocrx_word' id='word_1_235' title='bbox 381 4028 497 4087; x_wconf 88' lang='lat' dir='ltr'><strong>tantae</strong></span> <span class='ocrx_word' id='word_1_236' title='bbox 527 4015 704 4108; x_wconf 83' lang='lat' dir='ltr'><strong>dignitatis</strong></span> <span class='ocrx_word' id='word_1_237' title='bbox 733 4029 767 4086; x_wconf 90' lang='lat' dir='ltr'><strong>et</strong></span> <span class='ocrx_word' id='word_1_238' title='bbox 797 4015 1022 4086; x_wconf 80' lang='lat' dir='ltr'><strong>excellentiae</strong></span> <span class='ocrx_word' id='word_1_239' title='bbox 1052 4029 1092 4085; x_wconf 93' lang='lat' dir='ltr'><strong>ut</strong></span> <span class='ocrx_word' id='word_1_240' title='bbox 1121 4015 1204 4086; x_wconf 90' lang='lat' dir='ltr'><strong>huic</strong></span> <span class='ocrx_word' id='word_1_241' title='bbox 1232 4027 1368 4086; x_wconf 91' lang='lat' dir='ltr'><strong>tantum</strong></span> <span class='ocrx_word' id='word_1_242' title='bbox 1398 4013 1496 4084; x_wconf 90' lang='lat' dir='ltr'><strong>Pallii</strong></span> 
     </span>
     <span class='ocr_line' id='line_1_34' title="bbox 381 4131 1497 4212; baseline -0.005 -8"><span class='ocrx_word' id='word_1_243' title='bbox 381 4154 510 4204; x_wconf 89' lang='lat' dir='ltr'><strong>nomen</strong></span> <span class='ocrx_word' id='word_1_244' title='bbox 540 4143 714 4202; x_wconf 91' lang='lat' dir='ltr'><strong>servatum</strong></span> <span class='ocrx_word' id='word_1_245' title='bbox 739 4133 799 4212; x_wconf 91' lang='lat' dir='ltr'><strong>sit,</strong></span> <span class='ocrx_word' id='word_1_246' title='bbox 822 4132 912 4202; x_wconf 91' lang='lat' dir='ltr'><strong>illud</strong></span> <span class='ocrx_word' id='word_1_247' title='bbox 934 4154 1022 4202; x_wconf 90' lang='lat' dir='ltr'><strong>vero</strong></span> <span class='ocrx_word' id='word_1_248' title='bbox 1048 4153 1176 4203; x_wconf 91' lang='lat' dir='ltr'><strong>nomen</strong></span> <span class='ocrx_word' id='word_1_249' title='bbox 1215 4131 1368 4204; x_wconf 88' lang='lat' dir='ltr'><strong>amiserit</strong></span> <span class='ocrx_word' id='word_1_250' title='bbox 1394 4151 1497 4200; x_wconf 91' lang='lat' dir='ltr'><strong>suum</strong></span> 
     </span>
     <span class='ocr_line' id='line_1_35' title="bbox 381 4245 1496 4340; baseline -0.001 -24"><span class='ocrx_word' id='word_1_251' title='bbox 381 4245 525 4339; x_wconf 90' lang='lat' dir='ltr'><strong>aliisque</strong></span> <span class='ocrx_word' id='word_1_252' title='bbox 544 4245 729 4318; x_wconf 90' lang='lat' dir='ltr'><strong>denotetur</strong></span> <span class='ocrx_word' id='word_1_253' title='bbox 743 4247 943 4328; x_wconf 86' lang='lat' dir='ltr'><strong>vocabulis,</strong></span> <span class='ocrx_word' id='word_1_254' title='bbox 960 4248 1039 4318; x_wconf 87' lang='lat' dir='ltr'><strong>licet</strong></span> <span class='ocrx_word' id='word_1_255' title='bbox 1054 4245 1167 4318; x_wconf 87' lang='lat' dir='ltr'><strong>lorma</strong></span> <span class='ocrx_word' id='word_1_256' title='bbox 1186 4267 1270 4340; x_wconf 91' lang='lat' dir='ltr'><strong>prae</strong></span> <span class='ocrx_word' id='word_1_257' title='bbox 1296 4247 1407 4318; x_wconf 87' lang='lat' dir='ltr'><strong>altero</strong></span> <span class='ocrx_word' id='word_1_258' title='bbox 1421 4267 1496 4315; x_wconf 92' lang='lat' dir='ltr'><strong>me-</strong></span> 
     </span>
    </p>
   </div>
   <div class='ocr_carea' id='block_1_3' title="bbox 0 0 1706 5222">
    <p class='ocr_par' dir='ltr' id='par_1_6' title="bbox 0 0 1706 5222">
     <span class='ocr_line' id='line_1_36' title="bbox 0 0 1706 5222; baseline 0 4"><span class='ocrx_word' id='word_1_259' title='bbox 0 0 1706 5222; x_wconf 95' lang='lat' dir='ltr'><strong> </strong></span> 
     </span>
    </p>
   </div>
  </div>
 </body>
</html>
