3402 5222
862 391 1038 454 -5p..

393 521 571 617 illudque,
593 524 730 617 egregia
757 545 840 594 sane
864 525 1087 607 oeconomia,
1117 525 1161 594 ad
1188 527 1370 620 potestatis
1395 539 1510 598 trans-

348 695 351 700 .
394 641 618 718 missionem,
644 659 662 708 a
684 639 787 708 Petro
813 637 990 721 adhiberi,
1018 640 1069 710 uti
1089 640 1245 712 Christus
1269 641 1340 712 alio
1358 653 1445 737 typo
1464 643 1510 714 ad

393 765 600 850 potestatem
630 753 722 822 Petri
753 753 1015 847 exprimendam
1045 755 1159 826 claves
1196 756 1401 829 tradiderat.
1443 761 1511 829 lle-

393 895 492 942 mum
517 868 737 964 perpendere
766 891 887 939 rursus
912 871 1008 941 iuvat
1033 871 1125 940 Petri
1151 870 1251 942 illam
1278 874 1465 966 imaginem
1490 897 1510 943 a

394 987 565 1057 sinistris:
596 985 836 1078 unusquisque
866 984 967 1056 facile
994 999 1157 1079 agnoscet
1182 985 1273 1058 illud
1307 987 1352 1058 ad
1385 987 1512 1060 fasciae

394 1099 543 1171 modum
566 1097 714 1170 Pallium
736 1097 858 1170 album
880 1123 960 1170 cum
988 1101 1148 1172 universa
1174 1103 1265 1172 Petri
1283 1101 1512 1173 indumento-

396 1239 475 1286 rum
505 1213 576 1286 albi
612 1214 740 1286 coloris
772 1217 907 1286 ratione
937 1216 1097 1310 apprime
1121 1219 1329 1300 convenire,
1361 1217 1510 1312 etquid

396 1353 507 1402 unum
523 1329 681 1402 efficere:
704 1352 825 1400 rursus
842 1352 928 1400 vero
946 1329 1057 1413 inde,
1084 1353 1175 1425 quae
1196 1325 1390 1402 adstruitur
1409 1333 1507 1404 Pallii

396 1448 519 1540 origo,
547 1469 590 1517 ex
615 1447 706 1517 Petri
731 1444 841 1516 Pallio
866 1445 1040 1518 firmatur.

469 1560 663 1632 Difficultas
689 1561 834 1632 forsitan
859 1575 1004 1655 exurget
1029 1585 1072 1632 ex
1096 1585 1140 1634 eo
1164 1562 1262 1656 quod
1287 1564 1325 1632 in
1350 1564 1425 1658 ipsa
1451 1563 1513 1634 illa

396 1680 565 1770 imagine,
585 1679 707 1747 Petrus
724 1687 862 1771 praeter
879 1677 1037 1762 Palliuml
1054 1699 1145 1748 nova
1171 1675 1303 1758 forma,
1324 1699 1514 1748 commune

397 1791 544 1886 pallium
562 1791 723 1863 demere
741 1789 872 1861 habere
889 1791 1069 1872 videatur,
1090 1789 1189 1886 quod
1214 1790 1341 1884 aliquis
1367 1791 1515 1862 forsitan

397 1907 566 1976 omissum
589 1905 802 1976 desideraret
820 1905 849 1974 si
868 1906 959 1976 Petri
979 1905 1126 1999 pallium
1153 1907 1309 1999 primum
1335 1904 1426 1975 illud
1450 1906 1516 1976 de-

398 2023 522 2115 signet.
540 2021 703 2091 Attamen
722 2019 957 2114 licet‘praeter
972 2021 1120 2092 Pallium
1139 2043 1231 2092 nova
1248 2019 1365 2092 forma
1382 2021 1515 2116 duplex

398 2134 520 2207 album
537 2135 782 2208 indumentum
798 2138 918 2206 Petrus
935 2149 1046 2230 gerat,
1066 2137 1182 2230 primo
1197 2135 1344 2230 quidem
1365 2136 1515 2207 alterum

398 2252 443 2323 ad
463 2253 599 2323 tunicae
617 2251 767 2321 formam
788 2250 877 2322 adeo
898 2251 1030 2322 aceedit
1049 2264 1089 2322 ut
1106 2251 1216 2324 veluti
1234 2251 1278 2322 ad
1297 2251 1440 2322 alterius
1458 2265 1517 2322 tu-

399 2370 497 2439 nicae
510 2367 657 2438 modum
671 2365 789 2461 opifex
804 2380 924 2461 aptare
936 2365 1026 2437 illud
1041 2367 1192 2439 voluisse
1204 2365 1377 2438 videatur:
1393 2367 1516 2461 plures

396 2506 483 2554 vero
501 2482 692 2577 aliquando
710 2480 884 2553 adhibitas
901 2495 1049 2553 constat.
1078 2484 1124 2552 At
1143 2483 1309 2553 assentiar
1327 2505 1518 2553 commune

397 2599 543 2694 pallium
578 2595 665 2668 inibi
700 2597 972 2692 agnoscendum.
1009 2596 1143 2668 Saeculi
1178 2599 1292 2668 octavi
1325 2596 1517 2668 desinentis

400 2713 542 2794 artifex,
580 2725 745 2784 consueta
773 2711 887 2783 forma
915 2714 1036 2783 Smum
1063 2712 1276 2806 Apostolum
1302 2711 1518 2784 exhibuisset

399 2851 480 2899 cum
505 2828 620 2897 tunica
638 2840 672 2898 et
694 2826 805 2921 pallio
826 2826 981 2920 vulgari,
1003 2825 1125 2900 addito
1146 2828 1251 2898 etiam
1268 2849 1368 2899 sacro
1385 2827 1514 2908 Pallio,

401 2944 499 3013 cuius
517 2943 607 3012 ratio
633 2965 652 3012 a
677 2941 786 3036 pallio
805 2944 983 3013 communi
1006 2953 1203 3035 permutata
1222 2941 1312 3014 adeo
1328 2941 1453 3012 fuerat.
1472 2945 1517 3014 Ni

401 3057 508 3144 fallor
533 3079 613 3127 cum
643 3079 762 3158 veram
790 3079 832 3127 ex
858 3079 962 3128 sensu
994 3055 1150 3150 quodam
1176 3056 1391 3128 traditionali
1417 3057 1517 3128 Pallii

399 3175 569 3268 originem
593 3195 685 3243 nova
703 3173 838 3267 pictura
863 3173 979 3267 opifex
1007 3171 1228 3255 insinuabat,
1255 3171 1350 3243 haud
1367 3172 1516 3244 valuita

400 3291 579 3361 communi
605 3301 691 3382 typo
718 3309 783 3382 pro
807 3290 898 3359 Petri
921 3289 1092 3383 imagine,
1112 3289 1173 3382 qui
1199 3301 1275 3359 turn
1303 3287 1424 3359 fuisset
1452 3289 1517 3359 ali-

400 3403 610 3498 quantulum
637 3405 844 3485 mutandus,
865 3403 1047 3486 recedere,
1076 3415 1111 3476 et
1137 3403 1285 3499 pallium
1315 3405 1436 3476 usuale
1453 3407 1517 3476 Pe-

400 3533 457 3592 tro
480 3523 645 3592 servavit.
669 3521 763 3593 ldem
782 3543 919 3592 sacrum
946 3520 1094 3591 Pallium
1117 3522 1221 3592 Petro
1247 3521 1402 3602 addidit,
1430 3521 1518 3592 alte-

399 3659 478 3708 rum
497 3660 584 3708 vero
602 3637 715 3708 simile
730 3637 828 3731 quod
844 3635 1007 3706 manibus
1024 3637 1149 3706 Leonis
1168 3637 1366 3730 consignet:
1388 3638 1517 3707 artium

400 3765 509 3823 status
526 3752 555 3822 is
573 3765 648 3831 erat
666 3764 705 3822 ut
722 3773 789 3846 pro
807 3749 1003 3822 actionibus
1020 3749 1227 3821 exhibendis
1251 3773 1355 3845 saepe
1381 3752 1518 3844 saepius

400 3863 664 3960 duplicarentur
682 3867 791 3938 resin
810 3868 967 3960 picturis,
982 3875 1016 3934 et
1035 3863 1157 3936 artifex
1178 3867 1382 3937 recentioris
1398 3867 1519 3936 aetatis

399 3980 455 4064 id,
469 3979 567 4074 quod
583 3983 778 4053 Leonianus
796 3978 974 4076 spectabat
991 3979 1127 4051 felicius
1144 3979 1358 4052 exhibuisset
1375 4003 1515 4075 nempe,

401 4109 441 4167 ut
466 4096 684 4168 detrahendo
714 4094 779 4168 sibi
811 4095 956 4190 pallium
990 4097 1112 4168 Petrus
1141 4097 1250 4168 Leoni
1281 4095 1372 4166 illud
1402 4096 1518 4191 ipsum

402 4213 611 4306 porrigeret.
