3402 5222
831 321 1008 386 ..2ss-

358 471 476 524 veram
489 449 587 522 Pallii
609 452 783 546 originem
801 451 884 524 iude
906 463 1105 548 repetamus
1127 450 1229 547 plura
1247 449 1390 524 obstare
1415 454 1480 524 vi-

357 564 499 637 dentur.
525 567 644 637 Primo
667 567 760 636 enim
785 563 913 662 prod
939 588 1011 636 non
1039 565 1128 638 adeo
1146 567 1273 636 summi
1298 565 1481 639 Pontificis

357 681 542 775 proprium
576 679 824 752 indumentum
858 692 960 762 erat,
981 692 1021 752 ut
1040 677 1085 752 ab
1112 678 1190 752 aliis
1213 703 1357 775 quoque
1390 682 1480 750 viris

356 792 552 866 illustribus
576 795 681 866 etiam
705 794 801 866 laicis
825 793 920 866 baud
948 807 1153 889 gereretur.
1173 794 1479 892 quemadmodum

357 907 517 980 adductis
530 907 735 981 testimoniis
745 906 886 982 labuius
898 905 1027 1006 probat
1038 908 1226 982 Archaeol.
1242 906 1380 1007 stills.
1392 912 1477 982 122.

357 1021 491 1094 Deinde
522 1035 561 1094 ut
589 1021 685 1100 idem
707 1019 874 1096 observat
899 1019 939 1121 5.
965 1023 1053 1096 358.
1077 1023 1206 1119 Ephod
1230 1047 1383 1106 sacrum,
1403 1037 1481 1096 erat

360 1163 378 1205 ι
405 1135 588 1232 byssinum
608 1136 729 1209 colore
749 1157 950 1234 purpureo,
966 1135 1195 1234 hyacinthino
1219 1151 1255 1210 et
1285 1140 1479 1221 coccineo,

359 1275 378 1320 s
404 1265 509 1346 atque
532 1253 639 1324 etiam
664 1273 753 1323 auro
776 1253 992 1348 variegatum
1008 1262 1121 1326 aetate
1145 1250 1481 1348 mopsuestiam

359 1393 377 1436 s
404 1369 574 1440 maiorem
603 1366 766 1461 longum,
782 1367 928 1440 manicis
947 1368 1171 1450 instructum,
1196 1379 1302 1462 atque
1327 1391 1371 1440 ex
1401 1368 1482 1464 lege

358 1509 376 1546 s
404 1481 510 1554 blesis
533 1482 572 1552 iu
605 1492 759 1578 utroquo
788 1480 939 1554 humero
966 1481 1107 1576 onyche
1131 1495 1316 1579 ornatum,
1336 1483 1373 1554 in
1404 1505 1482 1578 quo

359 1597 549 1670 »nomina
583 1599 640 1668 la.
679 1594 862 1680 tribuum,
887 1619 1016 1694 nempe
1050 1597 1087 1670 in
1115 1595 1276 1692 quolibet
1304 1619 1387 1670 sena
1416 1599 1479 1670 in·

358 1709 540 1805 seculptu
568 1721 670 1782 eraut
694 1708 806 1782 Exod.
837 1711 993 1802 xxvltl.
1020 1713 1057 1784 o.
1085 1716 1155 1784 7.»

451 1826 581 1911 Quavis
597 1822 859 1898 modificatione
882 1826 1064 1922 supposita
1081 1841 1099 1909 ‚'
1113 1826 1211 1899 baud
1229 1825 1369 1900 videtur
1395 1827 1481 1900 Pul·-

354 1938 443 2012 lium
459 1939 505 2012 ad
526 1938 774 2012 indumentum
795 1938 998 2014 huiusmodi
1015 1939 1140 2014 reterri
1168 1963 1286 2038 posse.
1315 1943 1482 2044 Ceterum

354 2056 473 2150 gravia
492 2054 690 2127 testimonia
715 2067 751 2126 et
769 2067 975 2151 argumenta
997 2077 1065 2154 pro
1093 2056 1159 2130 bac
1181 2056 1367 2156 asserenda
1392 2059 1477 2130 ori-
1506 2141 1511 2148 ¹

354 2171 435 2266 gine
469 2169 565 2242 baud
596 2181 806 2266 suppetuut3
839 2172 901 2266 qui
934 2173 1040 2244 etiam
1065 2173 1255 2269 scriptores
1284 2171 1329 2246 ad
1348 2173 1479 2269 prod

353 2283 512 2358 referunt
545 2285 723 2368 lollium,
744 2308 817 2358 uou
843 2285 935 2360 adeo
962 2285 1166 2360 historicam
1192 2287 1383 2360 adstruunt
1399 2288 1478 2360 ori-

276 2393 279 2403 '
353 2401 471 2494 prem
500 2400 608 2494 quam
641 2402 873 2474 imitationem
895 2401 1088 2497 quamdam
1119 2415 1158 2476 ut
1185 2405 1374 2498 utriusque
1399 2402 1479 2476 foe·

354 2513 448 2585 deris
464 2514 649 2588 Pontifices
674 2515 864 2612 peculiaria
888 2515 1062 2612 quaedam
1086 2516 1294 2591 indumenta
1313 2515 1479 2591 habuisse

301 2645 305 2656 ·
353 2629 527 2701 evincant.

787 2899 966 2982 CAPUT
992 2899 1043 2980 V.

735 3131 843 3190 NEQUE
857 3131 899 3183 EX
915 3131 1095 3184 nnttottstt.

430 3318 534 3392 Haud
565 3301 802 3393 diversimode
830 3318 1054 3398 sentiendum
1087 3319 1133 3391 de
1166 3317 1277 3392 altera
1307 3320 1480 3415 opinione

351 3458 442 3530 quae
478 3434 626 3507 Pallium
651 3435 778 3530 repetit
807 3457 851 3506 ex
874 3434 1047 3506 Rationali
1063 3487 1073 3518 ‚
1092 3434 1191 3530 quod
1214 3433 1392 3508 exclusive
1429 3435 1477 3508 nd

276 3579 280 3588 2
353 3552 468 3646 ipsum
486 3551 611 3622 veteris
623 3549 711 3646 legis
725 3571 929 3645 supremum
941 3548 1147 3623 Pontificem
1160 3548 1372 3646 pertinebat.
1388 3551 1479 3624 Fun·
1552 3611 1558 3626 .

350 3664 555 3737 dementum
577 3665 763 3760 deducitur
792 3687 835 3737 cx
853 3663 1004 3738 Alcuino
1030 3665 1067 3734 iu
1086 3664 1238 3761 Capitul.
1260 3666 1337 3738 Vll.
1359 3688 1392 3736 c.
1412 3667 1473 3736 79.

354 3808 372 3848 s
400 3781 468 3852 Pro
491 3781 663 3852 Rationali
690 3803 785 3852 nunc
810 3781 938 3851 summi
964 3779 1168 3862 Pontifices,
1202 3803 1294 3876 quos
1318 3779 1476 3852 Archis-

336 3915 372 3964 ·»
399 3896 564 3990 piscopos
580 3891 743 3978 dicimus,
766 3895 877 3968 Pallio
895 3907 1057 3980 utuntur,
1073 3895 1173 3991 quod
1191 3917 1368 3970 asumma
1387 3894 1477 3967 Sede

169 3998 171 4003 ’
243 4017 245 4021 ’
353 4007 600 4104 »Apostolica
625 4008 731 4080 dante
763 4009 989 4105 accipiunt.»

424 4124 588 4193 Attamen
608 4122 800 4194 Rationalis
816 4121 1092 4220 descriptionem
1110 4145 1154 4196 ex
1165 4123 1389 4196 documentis
1413 4121 1479 4194 be-

350 4236 477 4310 braicis
488 4238 536 4312 ita
549 4233 691 4310 exhibet
705 4236 849 4312 labuius
860 4237 967 4332 Arcb.
983 4237 1075 4350 bibl.
1091 4236 1130 4335 §.
1146 4239 1234 4312 358.
1255 4237 1342 4312 aad
1354 4249 1478 4334 pectus
