3402 5222
643 439 822 507 „49-

584 656 805 720 nnnlcunus
828 656 882 718 vl.

264 853 453 914 monumento
468 849 613 930 quaedum
625 853 822 931 peculiariter
847 871 882 914 ea
904 853 936 914 is
953 871 986 914 re
1008 853 1195 916 attendendo.

488 1035 512 1100 §.
533 1038 559 1088 t.
578 1031 702 1104 Antiqua
720 1032 862 1090 Pontificis
880 1033 986 1106 imago.

249 1237 313 1307 Hic
337 1259 423 1308 vero
449 1237 620 1310 nonnulle
646 1250 836 1308 occurrunt
860 1251 1086 1310 monumenta
1121 1241 1287 1334 peculiari

175 1364 268 1424 certe
292 1353 471 1424 mentione
506 1351 624 1446 digna.

247 1466 471 1540 Bianchinius
486 1469 523 1538 in
551 1468 631 1540 vitis
652 1468 754 1539 Rom.
775 1465 983 1538 Pontificum
1003 1481 1030 1538 t.
1044 1470 1088 1539 ll.
1101 1491 1182 1564 pag.
1203 1471 1283 1540 128.

174 1581 315 1654 exhibet
339 1596 511 1656 vetustam
527 1584 716 1678 imaginem
737 1581 911 1654 Pontifiois
928 1586 965 1655 in
984 1587 1195 1658 coemeterio
1212 1587 1287 1658 Pri-

174 1698 293 1772 scillae
316 1697 489 1771 detectam
514 1698 559 1770 ad
573 1697 679 1772 'viam
705 1697 892 1780 salariam,
918 1697 981 1770 ubi
1007 1713 1106 1795 putat
1129 1699 1287 1774 exbiberi

174 1813 274 1884 Pium
304 1815 334 1884 1.
365 1814 594 1907 excipientem
620 1823 743 1884 votum
769 1814 975 1908 virginitatis
1005 1837 1025 1886 a
1050 1815 1207 1896 ¹Praxede
1230 1816 1285 1888 vel

176 1925 403 2000 Pudentiana.
429 1929 540 1998 Porro
564 1925 723 1998 Pontifex
749 1927 882 2022 integra
911 1951 1058 2022 persona
1085 1932 1287 2024 cooperitur

176 2061 281 2135 supra
299 2029 453 2112 tunicam
470 2053 591 2112 manto
608 2062 671 2112 seu
688 2040 798 2134 pallio
817 2040 912 2124 elbo,
933 2055 967 2114 et
984 2043 1127 2137 quidem
1143 2044 1188 2115 ud
1206 2043 1286 2116 iim·
1319 2081 1322 2102 ι

175 2151 271 2226 brias
288 2176 380 2248 quae
397 2177 504 2248 supra
523 2153 708 2226 brachium
737 2153 921 2226 dexterum
945 2157 1198 2242 extenduntur,
1223 2182 1286 2254 ep-

175 2280 299 2364 parent
323 2271 421 2364 signa
438 2282 478 2340 ut
496 2272 532 2341 in
550 2270 666 2365 palliis
683 2269 794 2350 albis,
813 2293 904 2364 quae
921 2274 1174 2366 Apostolorum
1197 2278 1286 2347 ima-

173 2385 273 2478 gines
297 2383 548 2479 praeseferunt.

247 2500 386 2572 Praeter
410 2501 561 2595 Virginis
579 2515 701 2575 votnm
719 2501 855 2574 edentis
872 2504 1080 2597 imaginem,
1101 2503 1210 2576 ultera
1227 2528 1285 2578 oc·

175 2614 301 2695 currit,
328 2635 419 2707 quae
442 2613 557 2686 eidem
581 2614 694 2696 adstet
718 2617 836 2710 imago
862 2617 926 2688 viri
958 2629 1075 2711 togam
1106 2621 1280 2714 gestantis.

175 2727 335 2805 Proiecto
363 2727 591 2800 conformitas
612 2728 709 2824 pallii
736 2731 773 2800 in
804 2752 847 2800 eo
872 2729 1038 2802 Pontifioe
1070 2753 1151 2808 cum
1174 2733 1284 2827 pallio

173 2841 272 2938 quod
286 2844 322 2914 in
336 2843 545 2939 Apostoliois
557 2842 768 2938 imaginibus
787 2842 953 2928 habetur,
971 2845 1177 2920 relationem
1194 2851 1285 2920 Pon·
1345 2833 1347 2842 ¹

174 2957 272 3030 tificii
295 2957 394 3032 Pallii
420 2958 464 3032 ad
493 2962 583 3030 Petri
609 2959 756 3054 pallium
779 2962 814 3030 in
841 2962 932 3032 Petri
950 2962 1180 3034 imitationem
1205 2987 1285 3059 per-

175 3069 269 3143 belle
294 3071 464 3167 designet.

563 3251 587 3316 §.
609 3253 635 3303 t.
655 3247 745 3306 Series
762 3247 907 3305 Ostiensis.

249 3416 564 3488 Commemoranda
587 3415 716 3489 deinde
734 3419 971 3512 antiquissima
996 3418 1203 3494 Pontificum
1229 3444 1284 3492 se-

175 3531 266 3613 ries,
285 3553 375 3626 quae
392 3529 531 3604 extabat
548 3534 584 3602 in
604 3531 825 3608 meridionali
842 3533 951 3606 latere
967 3536 1093 3606 veteris
1117 3535 1283 3608 Ostiensis

175 3648 211 3718 S.
227 3645 324 3718 Pauli
334 3647 516 3722 Basilicas:
532 3670 572 3720 ea
591 3649 636 3718 ad
651 3650 686 3720 S.
701 3647 854 3720 Leonem
864 3650 892 3720 1.
907 3651 1036 3721 merito
1049 3649 1214 3734 refertur,
1232 3663 1284 3722 at-

175 3786 246 3858 que
257 3761 444 3836 exhibebat
457 3762 641 3838 Pontifices
653 3788 673 3838 e
687 3766 791 3838 Petro
803 3763 849 3836 ud
860 3765 1100 3838 innocentium
1113 3767 1141 3837 l.
1150 3767 1283 3840 Omitto

175 3877 280 3950 aliam
304 3901 395 3974 quae
419 3901 508 3950 saec.
528 3880 621 3952 Xlll.
642 3902 706 3974 per
730 3881 768 3949 P.
789 3877 972 3952 Nicolaum
991 3881 1052 3951 ill.
1072 3879 1190 3952 addita
1207 3881 1284 3954 iue-¹

175 4005 250 4076 rat,
277 3992 450 4088 siquidem
475 3995 650 4066 recentior
669 3992 862 4065 admodum
879 4017 920 4066 ee
937 4006 1007 4076 est,
1028 4017 1108 4066 cnm
1126 4007 1161 4068 et
1179 3994 1284 4091 opifi-

176 4105 275 4182 cibus
305 4107 456 4204 amplior
481 4109 620 4196 liuentia
651 4108 764 4180 iieret.
802 4107 906 4194 Quod
936 4108 982 4181 ad
1006 4111 1162 4206 priorem
1185 4111 1283 4184 illam

177 4224 315 4306 attinet,
332 4245 426 4296 anuo
442 4227 548 4298 1720.
566 4237 710 4296 curante
727 4225 913 4296 Francisco
924 4223 1125 4298 Biancbinio
1137 4224 1283 4319 diligen-

177 4339 308 4412 tissima
337 4337 433 4414 illius
459 4338 668 4434 descriptio,
699 4362 806 4434 opera
839 4342 944 4413 etiem
973 4342 1097 4412 notarii
1128 4339 1282 4412 adhibite

1146 4483 1160 4528 4
