3402 5222
663 394 838 456 ..53-

597 657 821 724 ARTICULUS
845 659 920 724 Vll.

639 865 692 926 Ea·
715 864 870 926 Crucibus.

275 1065 314 1134 ln
339 1063 449 1134 Pallio
466 1062 648 1136 Pontificio
667 1065 858 1136 nonnullae
877 1088 997 1138 cruces
1017 1066 1183 1145 existunt,
1205 1064 1314 1136 modo

199 1179 346 1272 quidem
364 1181 496 1273 nigrae,
512 1163 619 1274 idque
634 1179 726 1252 baud
744 1193 879 1252 constat
892 1203 962 1275 qua
975 1179 1020 1251 de
1033 1203 1135 1252 causa
1148 1178 1225 1252 fieri
1244 1204 1317 1252 coe

202 1296 294 1388 perit
317 1293 456 1366 labente
484 1297 624 1366 saeculo
656 1296 921 1377 decimoterti0‚
953 1321 1034 1368 cum
1059 1296 1103 1366 ad
1128 1295 1317 1368 dimidium

200 1432 313 1502 usque
328 1399 425 1480 illius
443 1409 570 1482 saeculi
596 1411 723 1503 iugiter
739 1408 869 1480 rubrae
887 1433 1007 1482 cruces
1025 1412 1062 1481 in
1080 1410 1190 1482 Pallio
1207 1434 1318 1482 asser-

201 1535 339 1594 ventur.
364 1525 466 1608 Quod
494 1521 605 1618 probe
630 1538 682 1595 est
708 1525 969 1606 adnotandum,
989 1526 1109 1598 Graeci
1134 1527 1227 1597 enirn
1252 1548 1318 1597 suo

201 1638 310 1708 Pallio
328 1661 389 1709 seu
403 1639 624 1734 Omopltorio
641 1638 768 1710 rubras
786 1641 870 1710 item
887 1663 1006 1712 cruces
1024 1638 1199 1712 addebant
1220 1654 1255 1712 ut
1273 1665 1317 1713 ex

200 1777 324 1824 eorum
342 1753 552 1847 imaginibus
571 1767 687 1850 patet,
710 1779 750 1826 ac
769 1755 999 1826 modoetiam
1018 1777 1215 1851 purpureas
1231 1779 1317 1827 auro

201 1867 372 1939 admibtas
396 1867 580 1940 adhibent.

273 1986 384 2054 Porro
403 1986 439 2054 in
458 1985 712 2080 Apostolorum
734 1983 980 2056 communibus
999 1983 1089 2056 albis
1107 1985 1239 2080 palliis,
1258 2009 1316 2056 or-

202 2111 364 2170 namenta
388 2099 561 2193 quaedam
591 2102 720 2196 passim
748 2099 847 2172 rubri
880 2101 1009 2172 coloris
1042 2098 1252 2172 exhibentur
1278 2114 1317 2173 ut

202 2211 322 2284 videre
341 2216 545 2307 praesertim
563 2228 615 2286 est
633 2216 669 2286 in
687 2216 909 2286 Lateranensi
926 2213 1105 2284 Triclinio.
1127 2214 1319 2286 Palliorum

201 2341 355 2400 extrema
379 2327 488 2400 rubra
516 2343 618 2411 sunt,
648 2333 731 2402 item
763 2331 860 2423 signa
893 2353 933 2400 ac
963 2329 1075 2402 lineae
1100 2330 1139 2403 in
1170 2329 1319 2402 fimbriis

202 2465 292 2536 quae
309 2465 352 2514 ex
377 2443 471 2515 collo
498 2444 689 2516 hincinde
714 2467 819 2538 supra
839 2456 959 2537 pectus
984 2457 1192 2526 excurrunt,
1211 2467 1317 2537 quae·

202 2559 285 2629 dam
314 2561 419 2630 etiam
454 2558 552 2630 rubri
582 2561 712 2633 coloris
742 2561 879 2630 litterae
908 2560 944 2630 in
970 2560 1011 2628 iis
1037 2557 1151 2654 palliis
1180 2571 1319 2632 notatae

202 2674 476 2767 conspiciuntur.
499 2675 658 2746 Profecto
676 2673 904 2746 consonantia
929 2672 1124 2766 etquidem
1142 2672 1215 2744 fere
1234 2696 1319 2745 con-

203 2799 297 2858 stans
314 2788 465 2882 duplicis
482 2789 611 2860 coloris
631 2788 700 2861 albi
720 2812 760 2860 ac
777 2789 877 2860 rubri
893 2789 1102 2883 (aliquando
1119 2787 1203 2860 haec
1221 2791 1319 2884 signa

203 2914 283 2975 sunt
300 2902 418 2998 nigra)
443 2906 531 2975 sacri
554 2905 652 2976 Pallii
675 2928 755 2976 cum
773 2903 977 2999 Apostolico
994 2905 1172 2976 communi
1193 2906 1315 3000 pallio,

203 3020 343 3110 gravius
365 3041 508 3113 quoquc
534 3033 779 3113 argumentum
801 3017 969 3112 praebere
993 3018 1133 3090 videtur
1150 3033 1189 3091 ut
1208 3043 1319 3091 unum

203 3154 244 3202 ex
271 3132 383 3204 altero
400 3131 607 3205 deducatur.
629 3134 692 3206 Vel
717 3135 811 3206 enirn
836 3137 929 3228 ipsas
950 3133 1192 3227 hyacinthinas
1216 3137 1319 3206 vittas

204 3249 337 3341 antiqui
361 3247 514 3320 foederis
539 3273 623 3344 prae
649 3250 762 3322 oculis
782 3248 993 3328 habuerint,
1022 3251 1194 3343 siquidem
1219 3251 1320 3322 color

204 3363 450 3455 hyacinthinus
468 3376 520 3436 est
537 3366 713 3436 violaceus
730 3365 775 3438 ad
788 3364 936 3436 rubrum
954 3365 1134 3445 accedens,
1146 3366 1201 3436 vel
1222 3366 1318 3438 aliud

203 3482 449 3572 spectaverinn
465 3493 558 3551 certe
575 3503 616 3552 ea
633 3481 729 3574 signa
748 3503 922 3576 purpurea
942 3482 978 3550 in
998 3480 1112 3576 palliis
1131 3479 1319 3561 albis‚ori-

204 3597 319 3686 ginem
344 3595 496 3689 prodere
513 3595 678 3668 videntur
701 3596 841 3667 candidi
866 3597 963 3668 Pallii
990 3620 1070 3668 cum
1096 3595 1213 3668 rubris
1238 3621 1318 3668 cru·

204 3707 313 3778 cibus.
340 3712 461 3804 Neque
485 3710 522 3780 id
543 3710 689 3782 fortuito
713 3713 853 3783 evenire
871 3713 986 3805 potuit
1007 3735 1088 3783 cum
1114 3711 1315 3784 huiusmodi

205 3823 374 3896 habeatur
398 3826 550 3897 Orientis
574 3839 608 3897 et
633 3827 829 3898 Occidentis
855 3851 1056 3898 consensus.
