3402 5222
858 415 1032 478 ..36-

264 589 267 596 ·
389 544 553 619 »fratris
583 547 720 618 Domini
757 544 1043 642 superhumerale
1073 567 1153 616 cum
1186 547 1412 617 veneratione
1444 545 1500 618 illi

388 690 407 727 ι
433 659 629 732 induunt.»
658 659 774 734 Refert
801 673 880 732 ante
906 660 1037 754 aliquot
1053 683 1165 732 annos
1180 661 1269 732 illud
1296 663 1498 756 Hierosoly-

384 765 625 852 mis'missum.
644 777 815 870 lgnatium
841 787 934 846 tanta
963 777 1186 846 veneratione
1211 773 1300 846 illud
1328 798 1499 870 prosecu-

385 903 461 964 tum
487 914 527 962 ac
551 893 578 962 si
603 892 719 986 ipsum
750 889 914 962 lacobum
949 891 1158 986 Apostolum
1184 892 1220 960 in
1246 912 1290 960 eo
1319 888 1503 961 humerali

385 1018 590 1103 spectasset.
617 1019 652 1078 et
681 1005 864 1078 mandasse
890 1018 927 1076 ut
952 1029 1068 1076 secum
1095 1006 1312 1100 sepeliretur.

455 1120 682 1193 Luculentius
700 1105 851 1192 attamen
877 1121 1046 1214 longeest
1063 1122 1300 1192 testimonium
1318 1122 1415 1216 quod
1434 1121 1498 1192 ha·

349 1249 353 1257 '
382 1233 445 1308 bet
461 1235 642 1310 Liberatus
667 1238 840 1309 Diaconos
856 1237 893 1307 in
911 1235 1056 1308 historia
1068 1238 1357 1307 Nestorianorum
1375 1249 1410 1306 et
1427 1237 1498 1307 liu-

382 1351 626 1446 tychianorum
653 1375 730 1448 cap.
757 1355 817 1422 20.
844 1375 925 1422 cum
947 1352 992 1422 de
1017 1352 1239 1423 ordinatione
1256 1351 1441 1423 Theodosii
1460 1353 1496 1430 in
1571 1357 1575 1364 ’

381 1465 501 1538 sedern
529 1467 802 1539 Alexandrinam
833 1481 912 1563 post
936 1467 1106 1538 Timothei
1140 1481 1291 1538 mortem
1323 1468 1492 1560 loquitur.

385 1608 403 1647 ι
430 1582 654 1654 Consuetudo
677 1583 820 1676 quidem
853 1596 906 1654 est
931 1581 1179 1660 Alexandriae,
1213 1582 1316 1653 illum
1346 1586 1406 1677 qui
1433 1583 1496 1654 de-

384 1725 403 1764 ι
430 1697 552 1771 functo
563 1701 738 1794 Episcopo
756 1699 908 1770 succedit
928 1697 1091 1769 excubias
1109 1721 1215 1792 super
1238 1697 1393 1770 defuncti
1414 1722 1495 1770 cor-

384 1841 401 1876 »
430 1835 496 1908 pus
519 1836 635 1906 agere,
652 1835 864 1906 manumque
889 1812 1067 1883 dexteram
1097 1813 1172 1881 eius
1197 1812 1301 1906 capiti
1332 1835 1396 1882 suo
1422 1813 1494 1882 im-

383 1953 402 1996 »
429 1949 580 2022 ponere,
607 1939 640 1998 et
668 1927 806 2022 sepulto
832 1925 993 1998 manibus
1019 1928 1109 2002 suis.
1132 1928 1288 2019 accipere
1314 1925 1409 1997 collo
1429 1950 1494 1998 suo

367 2069 400 2128 ,ι
428 2037 522 2112 beati
547 2041 651 2112 ldarci
679 2039 823 2134 pallium
849 2051 883 2112 et
909 2053 993 2111 tunc
1018 2039 1171 2134 legitime
1196 2039 1361 2110 sedere.»
1390 2041 1490 2111 Con-

379 2167 446 2227 stat
473 2155 638 2224 nimirum
663 2176 705 2224 ex
731 2152 907 2234 Liberam,
931 2153 1026 2224 illico
1052 2165 1132 2248 post
1158 2155 1318 2248 Episcopi
1334 2153 1491 2224 Alexan-

379 2267 471 2341 drini
497 2267 634 2340 obitum
659 2267 865 2339 electionem
891 2269 973 2338 novi
1004 2269 1164 2337 antistitis
1193 2269 1312 2362 peragi
1338 2290 1492 2339 consue-

379 2381 489 2464 visse,
517 2384 669 2454 electum
688 2381 887 2454 immediate
905 2382 1127 2465 ordinatum,
1148 2381 1313 2453 eumdem
1336 2381 1491 2455 defuncti

378 2499 548 2570 Antistitis
583 2521 712 2592 corpus
749 2497 939 2568 custodisse
970 2521 1008 2568 ac
1041 2499 1240 2592 sepulturae
1279 2497 1489 2578 tradidisse,

378 2627 478 2685 antea
503 2637 589 2685 vero
614 2613 761 2708 pallium
779 2636 821 2684 ex
840 2612 994 2683 defuncti
1015 2614 1175 2708 Episcopi
1199 2635 1349 2707 corpore
1375 2629 1491 2686 sustu·

378 2727 460 2799 iisse
499 2731 640 2822 suisque
672 2729 879 2822 imposuisse
911 2727 1067 2799 humeris
1100 2751 1139 2800 ea
1167 2729 1302 2800 ratione
1329 2743 1365 2800 ut
1399 2733 1490 2802 circa

377 2842 510 2914 collum
535 2843 782 2937 responderet.
813 2843 957 2935 pallium
989 2842 1093 2913 luisse
1119 2843 1153 2912 S.
1183 2844 1309 2914 hlarci:
1337 2843 1489 2938 ideoque

377 2957 411 3029 S.
441 2958 545 3029 hlarci
572 2957 717 3051 pallium
744 2980 784 3027 ex
806 2979 876 3027 uno
901 2958 937 3026 in
956 2957 1063 3028 alium
1084 2957 1259 3028 transiisse
1282 2957 1489 3030 Alexandri-

376 3094 462 3144 num
488 3073 699 3144 Antistitem.
1239 3075 1243 3096 ¹
1421 3151 1424 3167 ι

447 3186 639 3258 Difficultas
664 3186 779 3281 aliqua
805 3200 926 3259 contra
949 3186 1098 3258 liberati
1130 3189 1365 3260 narrationem
1384 3211 1489 3259 exur-

373 3325 455 3398 gere
479 3316 597 3398 posset
622 3325 664 3374 ex
692 3305 732 3373 iis
751 3325 841 3399 quae
866 3301 1041 3374 habentur
1066 3305 1101 3372 in
1129 3305 1212 3373 actis
1230 3306 1320 3374 Petri
1337 3302 1487 3374 Alexan-

371 3417 465 3490 drini
485 3419 647 3515 Episcopi
672 3419 840 3489 «Petrum
855 3417 1019 3488 indutum
1041 3417 1195 3489 vestibus
1213 3417 1487 3490 sacerdotalibus

374 3559 392 3600 s
420 3529 491 3606 albi
510 3533 639 3606 coloris
664 3530 806 3604 colobio
829 3545 862 3604 et
889 3531 1115 3626 omophorio,
1136 3532 1338 3627 triumphali
1353 3555 1485 3627 pompa

374 3675 391 3715 a
420 3648 465 3720 ad
477 3649 724 3720 coemeterium
740 3646 896 3716 delatum
911 3646 1110 3740 sepulturae
1127 3646 1329 3717 mandatum
1340 3645 1482 3717 fuisse.»

443 3747 604 3835 Attamen
636 3762 779 3857 quaevis
814 3763 856 3830 sit
894 3761 1096 3832 documenti
1123 3762 1246 3842 huius,
1280 3762 1486 3832 recentioris

368 3878 513 3974 quidem
538 3882 679 3957 aetatis,
708 3878 907 3958 auctoritas,
935 3879 1068 3971 optime
1097 3901 1178 3948 cum
1203 3876 1354 3948 Liberati
1382 3878 1483 3948 testi-

368 3995 490 4065 monio
520 3992 611 4064 illud
645 3993 820 4063 cohaeret.
861 3992 1038 4086 Siquidem
1069 3993 1190 4063 Petrus
1224 3991 1484 4064 Alexandrinus

368 4129 451 4178 cum
480 4106 711 4201 omophorio,
739 4106 942 4200 triumphali
973 4129 1120 4200 pompa,
1156 4107 1199 4177 ad
1233 4109 1483 4179 coemeterium

367 4221 503 4293 delatus
528 4213 756 4316 perhibetur,
795 4244 866 4292 non
895 4243 980 4291 vero
1001 4244 1080 4291 cum
1112 4225 1190 4316 ipso
1229 4223 1354 4295 eodem
1380 4243 1483 4294 omo*-

369 4329 496 4432 phorio
521 4335 695 4431 sepultus:
724 4335 905 4411 Liberatus
932 4359 1015 4408 vero
1041 4339 1121 4409 satis
1147 4339 1360 4411 indicaverat
1383 4338 1481 4410 Pallii
