3402 5222
779 658 954 738 CAPUT
987 641 1092 742 vlfl'.

608 865 712 922 Plini-ll
728 866 914 920 trosroutct
930 865 1029 920 ORIGO
1045 865 1267 922 DECLARATUR.

747 1030 1136 1073 ψ

698 1209 703 1227 ·
798 1197 1023 1266 ARTiCULUS
1049 1200 1077 1268 Ι.

472 1390 525 1454 En
535 1387 660 1452 solemni
673 1391 806 1450 mmm
817 1388 914 1468 pruni
923 1387 1067 1471 pluribus
1081 1367 1260 1452 documentis
1267 1391 1406 1468 firmata.

457 1591 554 1675 Quae
579 1591 769 1684 generatim
787 1587 833 1660 de
850 1591 939 1662 sacri
963 1589 1061 1662 Pallii
1080 1590 1217 1686 origine
1241 1590 1499 1664 animadverto·

384 1705 467 1779 bam
478 1707 660 1788 hacteuus,
673 1705 821 1778 suadere
833 1705 930 1776 illico
942 1703 1105 1778 videntur
1118 1697 1280 1788 Pallium.
1294 1729 1368 1802 quo
1382 1703 1427 1778 ab
1442 1730 1499 1779 au

241 1813 248 1836 ⁶
385 1821 579 1916 tiquissimn
590 1815 711 1891 ‘astate
728 1819 877 1891 Romani
894 1815 1079 1891 Pontifices
1099 1819 1258 1892 instructi
1275 1823 1498 1916 conspiciun-

384 1948 464 2016 tur,
491 1931 661 2006 exhibere
685 1934 803 2029 ipsum
826 1931 920 2004 beati
937 1934 1028 2005 Petri
1051 1933 1305 2030 Apostolorum
1329 1937 1499 2032 Principis

385 2047 532 2144 pallium
551 2070 613 2118 seu
630 2059 763 2119 vestem
784 2047 1023 2142 superiorem,
1039 2070 1109 2141 qua
1134 2048 1178 2118 in·
1196 2049 1271 2122 eius
1287 2047 1497 2144 obsequium

385 2177 420 2236 st
445 2163 490 2236 nd
514 2161 617 2234 illum
644 2161 797 2236 vividius
826 2161 1158 2256 repraesentandum
1181 2163 1329 2243 Romani
1354 2163 1498 2237 Pontifi-

385 2301 442 2349 uss
467 2277 520 2348 usi
545 2277 615 2348 sint
640 2286 746 2368 utque
771 2287 926 2346 utantur.
1047 2291 1050 2298 ⁴

459 2390 563 2462 Plura
588 2402 779 2468 occurrunt
802 2395 893 2482 quas
925 2389 1016 2462 hanc
1039 2391 1233 2486 Apostolici
1261 2393 1361 2464 Pallii
1389 2394 1498 2490 origi-

385 2527 470 2576 nem
498 2505 676 2598 signnnter
699 2502 898 2584 ostendant,
924 2501 1005 2578 iicet
1030 2504 1199 2580 indirecto
1221 2517 1257 2580 et
1273 2507 1386 2604 ipsum
1409 2507 1498 2580 sacri

385 2617 485 2696 Pallii
505 2615 707 2712 ¹gonorulom
737 2619 920 2694 notionem
943 2617 1112 2694 haetenus
1141 2618 1305 2696 nauium
1334 2617 1495 2698 firmenta

387 2731 432 2804 nd
451 2731 538 2802 baso
561 2731 679 2826 itaquo
705 2742 910 2824 argumenta
927 2729 1138 2808 dscluruuds
1155 2753 1238 2810 mou
1256 2733 1399 2810 suedo.

460 2842 641 2920 Adnoture
652 2843 689 2918 iu
699 2844 821 2940 primis
833 2855 984 2938 praesui
994 2844 1088 2940 apud
1100 2847 1337 2924 vstomshuuu
1349 2849 1499 2944 viguisse

387 2981 525 3035 morem
555 2971 595 3034 ut
619 2953 772 3054 'pallium
800 2981 861 3034 seu
885 2961 1047 3058 superior
1070 2961 1175 3038 vestis
1198 2983 1343 3046 sorum.
1368 2965 1430 3058 qui
1460 2965 1497 3038 in

251 3165 252 3168 p
387 3076 503 3176 pretio
519 3097 562 3150 uo
578 3072 675 3148 cultu
694 3069 935 3158 habebuntur,
948 3072 1106 3170 obsequii
1125 3089 1161 3152 ut
1176 3077 1379 3186 imitationis
1395 3099 1498 3154 osum

388 3189 433 3264 ab
456 3189 533 3264 aliis
550 3201 765 3264 summotum
781 3189 854 3264 imo
872 3212 936 3285 por
953 3190 1052 3284 psllii
1070 3190 1296 3268 traditionum
1316 3205 1353 3268 st
1379 3217 1496 3276 usum.

387 3304 534 3378 illorum
558 3301 668 3376 veluti
694 3304 836 3399 spiritus
859 3315 896 3378 et
918 3304 1031 3380 virtus
1054 3305 1091 3380 iu
1116 3303 1182 3382 hos
1203 3306 1401 3384 trinsiundi
1419 3331 1499 3384 rsu-

387 3431 562 3496 ssrsntur.
878 3485 882 3493 .
1309 3511 1310 3514 Ἴ

462 3535 537 3604 Deo
570 3533 650 3627 ipso
674 3544 817 3608 auctore
849 3533 888 3606 iu
911 3535 1022 3608 veteri
1051 3535 1271 3610 'testamento
1299 3536 1431 3612 fuctum
1461 3537 1499 3610 id

389 3648 613 3743 perspicitur.
652 3645 851 3718 Recolenda
888 3647 1061 3742 imprimis
1097 3672 1187 3743 quae
1224 3647 1399 3724 habentur
1436 3655 1497 3724 lii.

390 3765 476 3856 Rog.
500 3764 558 3832 19.
580 3764 637 3837 16.
663 3762 753 3832 «Ait
773 3763 943 3834 Dominus
959 3761 1004 3836 ad
1022 3786 1103 3834 sum
1124 3763 1271 3860 (Elium)
1345 3767 1498 3838 Eliseum

394 3903 411 3946 s
441 3888 558 3947 autem
576 3873 690 3946 filium
710 3876 886 3970 Saphath.
913 3877 975 3972 qui
1000 3889 1052 3950 est
1077 3877 1122 3950 de
1146 3877 1369 3964 Abelmeula,
1389 3905 1500 3977 unges

393 4019 411 4055 s
439 3989 647 4085 prophetam
673 4011 741 4083 pro
759 4002 841 4060 to.»
870 3989 909 4060 id
928 4013 1012 4061 vero
1029 3989 1094 4062 huo
1119 3995 1339 4087 potissimum
1364 3996 1500 4068 ratione

392 4103 586 4200 perfectum
608 4103 736 4175 deinde
761 4115 895 4175 constat
919 4104 968 4177 ib.
989 4129 1025 4178 v.
1050 4109 1107 4178 19.
1141 4109 1331 4204 «Cumque
1349 4112 1499 4182 venisset

396 4246 413 4292 r>
442 4217 533 4290 Elias
558 4215 602 4288 ad
627 4240 708 4288 oum
740 4215 752 4312 (
765 4217 940 4315 Eiiseum)
973 4221 1067 4292 misit
1091 4220 1238 4316 pallium
1266 4245 1368 4294 suum
1393 4247 1500 4323 super

395 4362 413 4410 s
442 4331 593 4416 illumi>
627 4330 735 4414 Libro
759 4355 844 4412 vero
868 4331 926 4410 lV.
953 4357 1031 4439 cap.
1059 4337 1104 4412 11.
1131 4360 1190 4412 vv.
1221 4337 1278 4412 13.
1310 4340 1366 4415 ilt.
1400 4341 1500 4414 exhi·
