3402 5222
710 315 889 386 ..392

647 521 874 590 lacteolus
901 521 943 588 ll.

307 689 358 778 Ec
370 665 408 776 tta
418 717 471 795 pat
481 713 522 780 ad
527 711 646 795 priores
658 715 802 778 Romanos
814 715 969 794 Pancr'steer
981 711 1116 776 Polliam
1131 711 1277 792 reserant,

313 919 519 1012 Opportune
542 928 659 988 autem
680 915 740 1014 bic
765 939 840 988 sese
865 915 1022 986 offerunt
1047 916 1246 988 testimonia
1262 935 1354 1008 qao-

240 1033 403 1104 rumdam
417 1045 576 1104 veterum
589 1033 816 1128 scriptorum,
835 1033 896 1126 qui
909 1055 927 1104 a
941 1033 1031 1104 bino
1045 1029 1211 1104 Pontifice
1222 1031 1355 1112 =imme·

240 1149 337 1220 diato
358 1149 447 1220 Petri
473 1170 674 1220 successore
699 1147 848 1218 Pallium
872 1158 1048 1242 repetunt.
1074 1148 1252 1218 Hactenus
1268 1145 1355 1217 baec

241 1262 437 1336 testimonia
454 1265 552 1358 parvi
572 1261 793 1334 habebantur
817 1275 990 1358 quatenus
1014 1261 1292 1356 intelligeremur
1309 1248 1356 1334 de

240 1381 361 1474 aliquo
383 1377 526 1451 decreto
545 1371 723 1450 Pontificis
741 1380 818 1450 Lini
843 1373 1055 1451 instituentis
1079 1401 1213 1452 novum
1237 1376 1354 1474 quod-

241 1495 323 1566 dam
344 1516 385 1568 ac
409 1495 593 1589 mysticum
618 1507 866 1566 ornamentum
890 1491 957 1566 sub
981 1493 1080 1568 Pallii
1105 1494 1266 1566 nomine:
1287 1493 1355 1564 im·

240 1612 368 1682 merito
381 1623 496 1682 tamen
513 1621 550 1680 ut
563 1631 648 1680 mox
665 1607 810 1704 patebit.
1349 1607 1352 1614 ’

313 1726 470 1796 Primum
500 1723 636 1812 cruitur
661 1745 704 1794 ex
726 1746 888 1796 sermone
913 1723 959 1794 de
980 1723 1176 1819 Epiphania
1203 1717 1356 1794 Eusebio

243 1835 460 1913 caesareensi
479 1839 671 1934 adscripto,
687 1839 819 1933 antiqui
836 1839 1008 1924 auctoris,
1027 1839 1184 1932 quisquis
1201 1838 1262 1919 ille
1279 1826 1362 1910 tuas

244 1956 300 2026 rit.
325 1953 452 2027 «Nihil
479 1956 656 2050 antiquius
676 1967 771 2026 veste
789 1953 850 2026 illa
867 1951 1073 2026 sacerdotali
1090 1947 1357 2048 archipraesulis

247 2097 278 2137 n
293 2071 428 2152 nostri,
454 2092 544 2164 quae
569 2069 622 2140 illi
636 2071 723 2142 vesti
741 2062 787 2142 de
799 2066 842 2142 V.
861 2071 900 2142 T.
925 2063 1088 2142 successit
1103 2067 1232 2164 prod
1248 2065 1356 2163 bysso

247 2213 264 2254 a
292 2207 448 2279 auroque
472 2197 685 2266 contextae,
713 2207 783 2280 qua
812 2186 850 2256 in
880 2185 1020 2280 signum
1046 2183 1266 2278 plenissimae
1291 2205 1357 2280 po-

246 2329 265 2370 a
292 2303 423 2374 testatis
448 2301 582 2396 primus
605 2301 713 2374 Ltnus
736 2301 883 2372 amictus
897 2311 969 2383 est,
989 2300 1044 2372 cui
1062 2311 1098 2372 ct
1115 2297 1239 2394 typum
1258 2295 1358 2370 dedit

246 2443 263 2482 a
292 2429 328 2488 et
347 2439 476 2486 nomen
491 2428 529 2488 ut
543 2439 562 2488 a
575 2413 754 2486 veteribus
769 2416 969 2511 accepimus
980 2411 1230 2510 scriptoribus,
1249 2433 1357 2510 quam

246 2558 264 2600 a
292 2531 482 2626 appellavit
498 2543 535 2602 et
559 2531 759 2602 Fabium.»

315 2647 391 2732 Qua
415 2648 551 2730 ratione
574 2669 638 2742 per
661 2645 893 2718 imitationem
919 2641 1111 2742 quamdam
1133 2644 1283 2718 Pallium
1300 2665 1356 2718 rc-

243 2759 377 2832 leratur
391 2760 436 2834 ad
460 2759 610 2855 prod,
638 2761 708 2832 mm
734 2781 841 2856 supra
865 2785 942 2858 cap.
971 2761 1225 2834 inadsueti.
1253 2759 1357 2846 Quod

243 2874 289 2946 ad
313 2895 435 2947 veram
458 2876 631 2969 originem
651 2875 802 2958 attinet,
826 2887 948 2948 auctor
972 2875 1081 2948 relect
1105 2873 1216 2947 Pallio
1241 2876 1357 2970 primo

243 2991 369 3062 Linum
395 2989 561 3090 amictum
585 2987 715 3074 luisse,
740 2989 848 3084 idque
873 2987 1168 3084 ascriptoribus,
1195 3011 1241 3062 eo
1260 3001 1357 3062 uma

242 3127 330 3200 pore
357 3102 563 3188 veteribus,
590 3102 728 3176 ralerri.
757 3103 853 3176 Facti
885 3105 1121 3180 testimonium
1147 3106 1357 3200 capgravius

243 3232 295 3292 est
305 3219 403 3314 quod
416 3221 505 3292 ratio
518 3219 600 3292 lacti
613 3221 725 3316 ipsias
733 3219 841 3290 veluti
855 3219 1116 3302 lacerantum
1126 3219 1246 3314 itaque
1256 3235 1358 3316 prae·

243 3347 448 3430 coraceptam
460 3335 664 3430 opimimem
676 3346 798 3406 auctor·
815 3333 955 3406 tradere
973 3331 1191 3408 intendebat.
1208 3335 1357 3412 Tantum

244 3451 371 3526 dicitur
384 3451 491 3522 Linus
502 3447 621 3520 Pallio
633 3449 787 3520 amictus
800 3447 1257 3546 prr‘mosuisreznimirum,
1271 3449 1355 3544 quala

115 3660 116 3664 Ἴ
243 3567 336 3638 Petri
367 3565 476 3660 pallio
502 3564 726 3638 immediatus
755 3567 830 3636 eius
858 3581 1036 3638 successor
1068 3565 1186 3660 primo
1209 3565 1358 3638 ambtns

243 3694 314 3753 est:
330 3681 480 3753 Pallium
494 3682 579 3752 item
594 3680 637 3751 ad
651 3684 793 3754 Petrum
810 3702 887 3754 esse
897 3679 1124 3754 referendum
1141 3679 1299 3754 indicant
1315 3693 1358 3754 ca

244 3795 352 3868 verba
370 3795 409 3868 in
426 3793 570 3893 signam
581 3795 811 3894 plenissimae
820 3795 1031 3894 potestatis,
1057 3818 1164 3890 quam
1190 3790 1358 3867 nimirum

244 3912 295 3980 uti
319 3911 412 3982 Petri
436 3933 614 3983 successor
637 3910 836 3984 obtinebat:
864 3912 996 4008 optime
1021 3934 1107 3984 vero
1130 3909 1272 3983 additur
1288 3893 1359 3982 ¹cui

244 4041 372 4122 typum
395 4021 495 4095 dedit
525 4043 561 4095 et
589 4051 729 4104 nomen,
757 4027 839 4121 quia
863 4027 980 4121 ipsum
1007 4027 1157 4098 Pallium
1182 4026 1220 4098 in
1253 4027 1357 4096 Petro

246 4151 322 4209 erat
344 4138 476 4210 usualis
495 4139 622 4224 vestis,
645 4141 682 4212 in
698 4141 786 4212 Lino
808 4163 947 4212 sacrum
964 4140 1231 4223 indumentum,
1251 4149 1358 4236 typus

246 4255 489 4342 successionis,
513 4255 652 4352 signum
669 4255 888 4354 plenissimae
913 4257 1106 4352 potestatis.
