3402 5222
889 399 933 412 ..
957 363 999 430 20
1023 399 1065 412 ...

416 497 497 568 iicet
508 495 554 567 de
566 497 698 568 Gracco
716 497 866 591 imperio
884 499 1048 568 meritum
1061 499 1261 568 Mauritium
1277 497 1533 594 Imperatorem

295 621 298 628 '
415 611 591 684 offensum
609 609 676 682 sibi
695 613 820 682 iniuria
839 635 985 707 prorsus
1004 611 1183 693 habuisse,
1200 636 1310 708 eaque
1329 613 1535 685 tradebatur

414 726 561 823 epistola
580 749 674 798 anno
691 727 774 798 598.
793 725 846 798 vel
865 727 949 798 599.
971 727 1078 822 paulo
1096 740 1176 799 ante
1193 729 1345 800 hiauritii
1364 743 1532 800 mortem.

413 841 470 914 Nil
489 843 620 912 mirum
645 843 673 912 si
699 839 884 914 Pontifices
905 844 940 912 in
964 841 1183 912 difficillimis
1201 865 1322 914 rerum
1340 843 1533 924 adiunctis,

414 954 559 1051 quando
576 955 791 1050 peculiarem
811 967 1020 1052 potestatem
1036 979 1114 1027 cum
1129 955 1240 1028 Pallio
1258 957 1299 1027 iis
1312 956 1536 1030 Praesulibus

415 1083 533 1142 essent
547 1069 722 1153 tradituri,
738 1093 819 1142 cum
833 1073 1087 1166 Imperatorum
1105 1069 1325 1166 beneplacito
1343 1073 1536 1166 aliquando

414 1185 453 1256 id
475 1197 877 1281 praestare-congruum
904 1181 1082 1260 duxerint.

487 1301 675 1373 Enimvero
699 1303 735 1372 in
764 1301 929 1398 epistola,
950 1324 1019 1396 qua
1045 1302 1188 1398 proprie
1214 1303 1412 1372 continetur
1435 1303 1535 1374 Pallii

414 1416 592 1488 concessio
608 1417 645 1486 in
662 1415 819 1488 favorem
835 1417 982 1510 Syagrii,
999 1415 1062 1487 lib.
1085 1419 1143 1488 tx.
1170 1417 1252 1488 108.
1274 1416 1371 1487 nuila
1388 1441 1535 1511 prorsus

414 1528 607 1625 Imperialis
621 1531 742 1602 veniae
758 1531 890 1603 mentio
907 1529 1073 1602 habetur:
1093 1529 1229 1602 litterae
1246 1553 1331 1600 vero
1352 1553 1476 1603 omnes
1492 1555 1535 1603 ea

413 1643 460 1715 de
481 1666 584 1716 causa
603 1643 705 1717 datae
728 1647 854 1741 iugiter
872 1645 1037 1717 exhibent
1055 1646 1328 1726 concessionem,
1342 1669 1432 1739 quae
1449 1669 1536 1741 pro-

414 1760 490 1854 pria
508 1758 684 1832 Pontifieis
704 1763 909 1834 auctoritate
926 1759 999 1834 fiat.
1022 1763 1173 1832 Domum
1190 1760 1335 1854 vigilius
1358 1762 1479 1832 asserit
1496 1785 1535 1833 se

372 1929 374 1936 ,
409 1901 434 1942 -«
447 1873 620 1948 honorem
642 1878 952 1972 cumcompetenti
975 1876 1171 1948 reverentia
1189 1873 1381 1951 exhibere».
1400 1876 1535 1970 Grego-

412 1992 487 2062 rius
511 2013 596 2063 vero
618 1993 1041 2087 «pronamlmperatoris
1057 1991 1275 2062 voluntatem
1293 2013 1368 2062 esse
1386 1989 1531 2073 indicat,

417 2135 434 2174 s
461 2104 632 2201 iliumque
650 2107 849 2179 desiderare
861 2119 899 2178 ut
913 2107 1151 2178 concedatur»
1174 2107 1342 2176 nimirum
1361 2127 1426 2201 per
1446 2085 1535 2176 Pon·

411 2218 553 2293 tificem.
569 2223 663 2292 Haec
678 2220 837 2317 profecto
854 2224 1019 2292 evincunt
1037 2219 1146 2292 officii-
1164 2233 1269 2313 atque
1287 2219 1533 2290 observantiae

411 2337 548 2430 signum
568 2337 792 2431 praestitum:
810 2336 906 2407 Pallii
921 2359 1005 2408 vero
1024 2337 1285 2408 concessionem
1298 2333 1528 2414 pontificatis,

412 2439 484 2521 noh
508 2473 594 2522 vero
618 2450 811 2544 Imperialis
836 2451 1050 2522 auctoritatis
1071 2435 1149 2519 ¹esse
1176 2461 1304 2518 actum.

817 2705 1038 2771 ARTICULUS
1062 2707 1117 2770 lv.

507 2929 612 2990 Altera
633 2930 753 2990 obiectio
777 2947 817 2991 ee
839 2930 955 2992 indulto
975 2947 1033 3008 pro
1057 2931 1272 2999 Ravennatem·
1289 2930 1436 2990 antistite.

485 3156 818 3230 Commemorandae
831 3159 888 3230 hic
900 3159 1045 3242 veniunt
1057 3157 1155 3228 Pallii
1170 3157 1411 3228 concessiones
1430 3157 1466 3225 in
1479 3149 1535 3226 ia-¹

411 3297 533 3346 vorem
547 3274 751 3345 Antistitum
765 3275 1078 3346 Ravennatensium
1099 3295 1161 3367 per
1175 3273 1419 3366 imperatores.
1437 3273 1531 3341 Inter

411 3396 638 3458 monumenta
670 3389 941 3460 Ravennatensia
971 3411 990 3458 a
1021 3385 1145 3459 Rubeo
1177 3387 1269 3456 edita
1301 3375 1450 3455 habetor
1476 3384 1531 3453 di·

411 3501 530 3594 ploma
547 3501 784 3572 Valentiniani·
796 3503 855 3572 tlt.
873 3502 1018 3572 Iohanni
1033 3501 1307 3578 Ravennatem,
1331 3501 1392 3592 qui
1412 3498 1531 3568 floruit

409 3615 508 3686 initio
536 3615 663 3686 saeculi
693 3618 825 3708 quinti,
853 3618 1081 3710 inscriptum,
1116 3637 1191 3708 quo
1225 3615 1318 3684 inter
1345 3613 1411 3683 alia
1445 3614 1531 3705 legi-

410 3751 500 3798 mus.
525 3729 776 3800 «Conferentes
794 3731 825 3799 ei
844 3727 891 3800 ob
910 3729 1075 3800 decorem
1101 3729 1325 3823 Apostolicae
1352 3727 1531 3819 dignitatis

414 3869 430 3907 »
460 3841 634 3913 honorem
666 3844 764 3914 Pallii
797 3855 833 3916 et
863 3846 977 3916 omnis
1005 3842 1221 3914 Pontificalis
1245 3828 1382 3934 decoris
1407 3865 1528 3923 usum,

414 3982 431 4020 n
460 3957 546 4026 sieut
566 3958 670 4026 ceteri
695 3956 762 4048 sub
787 3970 908 4029 nostra
927 3957 1219 4028 christianissima
1238 3969 1409 4052 potestate
1428 3979 1531 4050 saepe

415 4097 432 4135 »
461 4069 626 4164 degentes
647 4070 817 4141 fruuntur
839 4071 1126 4166 Metropolitae.»
1152 4073 1239 4145 item
1266 4071 1434 4164 Agnellus
1457 4073 1532 4140 An-

410 4185 512 4256 dreai
540 4185 837 4280 Archiepiscopus
856 4189 1128 4258 Ravennatensis
1153 4188 1215 4280 qui
1244 4186 1364 4257 medio
1391 4185 1531 4257 saeculo

411 4322 507 4370 nono
528 4298 702 4406 scribebat
726 4303 985 4372 concessionem
1006 4304 1107 4372 istam
1131 4314 1404 4373 commemorat:
1431 4300 1530 4372 addit
