3402 5222
648 398 828 460 ..05-

179 551 220 602 ea
243 527 453 623 obsequenti
478 529 613 600 ratione
636 525 765 600 debeat
792 539 831 598 ut
856 525 1051 623 Apostolici
1074 547 1197 600 omnes
1226 530 1294 600 viri

180 640 356 725 fecerunt,
382 655 418 714 et
441 643 617 738 imprimis
637 640 836 714 Bonifacius
859 641 1097 735 Moguntinus.

252 758 343 828 Hinc
357 758 492 852 optime
509 755 609 829 Pallii
628 757 807 830 concessio
830 754 871 826 iit
890 757 927 826 in
949 755 1098 828 solemni
1116 759 1295 830 Romanae

101 964 104 971 Ι
179 872 352 944 Ecclesiae
377 885 571 955 conventu,
590 873 806 947 Consistorio
830 869 1007 954 videlicet.
1021 895 1096 966 quo
1117 871 1296 944 ordinarie

182 986 360 1058 Praesules
385 988 616 1058 instituuntur
638 1010 677 1059 ac
701 989 902 1058 mittuntur.

254 1104 362 1197 Saepe
378 1103 569 1196 antiquitus
587 1101 736 1174 Pallium
752 1124 772 1173 a
791 1099 958 1174 Pontifice
982 1101 1039 1174 vel
1058 1103 1132 1173 eius
1156 1103 1232 1174 vice
1250 1099 1296 1174 ab

182 1215 438 1287 Archidiarono
451 1215 496 1286 ad
508 1216 621 1310 ipsam
636 1215 871 1288 Confessicnis
893 1237 988 1286 aram
1002 1211 1223 1287 Praesulibus
1238 1215 1295 1287 vel

182 1354 307 1402 eorum
328 1328 619 1410 Procuratoribus
644 1327 862 1402 tradebatur.

257 1444 468 1540 intelligitur
493 1447 599 1516 etiarn
623 1468 693 1540 qua
718 1445 764 1516 de
788 1467 891 1516 causa
917 1443 1095 1516 fidelitatis
1120 1457 1155 1516 et
1181 1443 1296 1517 subie·
1348 1505 1355 1516 .

182 1561 307 1634 ctionis
331 1562 569 1633 iuramentum
592 1563 630 1632 in
654 1583 698 1632 eo
728 1559 934 1655 accipiendo
966 1562 1135 1655 praestari
1169 1557 1297 1632 debeat

182 1679 295 1748 Beato
324 1678 427 1747 Petro
451 1694 486 1746 et
510 1677 587 1748 cius
618 1675 761 1746 Vicart'o
785 1677 946 1747 Romano
971 1673 1142 1747 Pontifici.

254 1793 394 1888 Optime
418 1795 523 1864 etiam
548 1805 718 1864 consonat
742 1804 844 1863 vetus
863 1789 1093 1886 praescriptio
1111 1789 1209 1886 quod
1230 1793 1298 1863 iter

184 1929 302 2000 agens,
317 1908 378 2000 qui
393 1906 541 1978 Pallium
553 1905 720 1988 deferret,
733 1905 928 1976 rectissimo
941 1906 1080 1976 tramite
1093 1903 1295 1988 conficeret,

184 2020 345 2115 illudque
368 2043 577 2116 unaquaque
592 2033 695 2092 nocte
715 2018 909 2115 deponeret
928 2042 1036 2115 penes
1056 2019 1298 2092 Cathedralem

184 2135 373 2206 Ecclesiam
399 2137 560 2218 civitatis,
581 2136 638 2208 vel
660 2135 887 2231 Collegiatam
906 2159 968 2208 seu
993 2135 1249 2218 Parochialem‚
1269 2137 1298 2208 si

184 2249 400 2325 Cathedralis
424 2273 498 2324 non
523 2251 671 2324 adesset.

125 2422 130 2431 .
257 2365 389 2438 Clarius
413 2368 519 2438 etiam
544 2369 635 2438 ratio
660 2368 884 2462 perspicitur,
905 2365 954 2438 cb
971 2388 1080 2462 quam
1100 2378 1181 2438 ante
1201 2365 1299 2439 Pallii

185 2482 422 2576 receptionem
448 2481 551 2577 plura
578 2481 837 2554 interdicuntur
863 2482 1068 2576 praesertim
1094 2483 1299 2553 convocatio

185 2596 325 2690 synodi,
346 2595 520 2668 solemnes
540 2599 831 2678 consecrationes.
845 2610 881 2668 et
899 2598 1091 2691 generatim
1104 2595 1300 2669 functiones

185 2711 416 2784 solemniores
440 2713 545 2783 etiarn
570 2711 774 2806 simpliciter
799 2710 1038 2807 Episcopales:
1066 2711 1239 2806 siquidem
1262 2713 1299 2783 in

187 2826 284 2898 Pallii
312 2827 500 2899 traditione
533 2827 652 2900 missio
684 2829 787 2922 ipsa,
816 2829 964 2922 proprio
995 2849 1036 2900 ac
1067 2828 1301 2900 vetustissimo

186 2943 257 3014 ritu
283 2945 495 3016 continetur.

259 3059 335 3142 Qua
359 3059 463 3130 etiam
481 3058 527 3130 de
545 3079 647 3130 causa
673 3058 718 3131 ad
744 3059 947 3130 missionem
970 3059 1102 3152 iugiter
1122 3056 1304 3129 ostenden·

187 3172 283 3254 dam,
299 3173 336 3243 in
351 3175 545 3269 praecipuis
569 3176 644 3246 istis
669 3172 844 3247 obeundis
861 3172 1069 3245 muneribus
1082 3171 1233 3245 Pallium
1250 3185 1303 3244 est

188 3286 418 3360 deserendum
443 3301 482 3360 ut
508 3289 678 3360 mittentis
703 3290 891 3360 auctoritas
914 3286 1082 3359 omnibus
1106 3299 1236 3383 pateat,
1263 3309 1302 3359 ac
1358 3290 1362 3298 ’
1474 3285 1481 3296 ’

189 3403 340 3474 tuendae
361 3426 426 3498 per
450 3403 639 3476 Ecclesiam
665 3404 809 3474 unitatis
831 3403 1002 3476 memoria
1026 3405 1163 3474 existat.

263 3517 427 3590 Attamen
449 3517 579 3588 limites
601 3517 677 3588 aliis
692 3515 916 3589 Praesulibus
932 3539 1001 3613 pro
1021 3503 1129 3589 Pallio
1146 3517 1302 3612 gerendo

189 3643 272 3702 sunt
295 3630 433 3704 dierum
452 3654 492 3704 ac
510 3619 686 3714 locorum,
715 3643 754 3702 ut
779 3631 927 3726 proprio
953 3633 1058 3702 etiam
1081 3633 1119 3702 iu
1142 3631 1303 3704 districtu

188 3747 292 3818 certis
302 3745 514 3841 quibusdam
524 3744 650 3820 diebus
663 3759 698 3818 et
710 3745 1001 3830 solemnitatibus,
1010 3748 1102 3818 intra
1114 3747 1303 3820 Ecclesiam

168 3881 257 3956 pro
279 3863 461 3934 Missarum
485 3859 722 3940 celebratione
746 3859 941 3933 deferatur:
961 3862 1128 3932 nimirum
1153 3873 1192 3932 ut
1218 3883 1304 3932 con·

188 3989 257 4050 stet
280 3999 391 4048 unum
415 3999 491 4048 esse
514 3979 712 4050 Romanum
729 3974 951 4059 Pontificem,
969 3977 1031 4071 qui
1049 3975 1305 4070 plenitudinem

189 4090 401 4164 Pontificalis
428 4089 536 4164 oflicii
559 4093 611 4163 uti
633 4093 725 4164 Petri
751 4111 930 4165 successor
953 4089 1118 4170 obtinet;.
1135 4091 1195 4162 alii
1218 4113 1305 4164 vero

192 4207 237 4278 ad
251 4209 555 4304 participationem
574 4205 765 4303 quamdam
782 4205 1061 4280 extraordinario
1073 4206 1302 4279 advocantur.

259 4321 378 4424 ¹liacile
407 4323 557 4416 quisque
588 4321 685 4394 videt
714 4323 848 4418 optime
876 4321 957 4393 huic
990 4321 1126 4394 notioni
1155 4341 1307 4416 rospon-
