3402 5222
863 423 1039 487 -ao-
1119 445 1122 450 ,

395 554 601 626 sententiam
619 553 813 624 accuratius
832 549 1120 648 perpendendam
1135 573 1275 622 assumo
1293 563 1332 620 ut
1353 551 1399 621 de
1417 553 1516 646 Apo-

395 668 508 740 stoliei
533 663 631 740 Pallii
660 668 811 760 origine,
827 666 872 738 ad
897 689 1003 761 quam
1027 666 1249 761 potissimum
1276 663 1362 736 haec
1378 665 1517 761 disqui-

395 783 477 855 sitio
500 781 681 876 dirigitur‚
709 779 838 852 deinde
863 804 979 876 agam.

467 897 579 968 Vestis
604 896 748 992 propriu
768 897 983 968 Graecorum
1009 917 1049 966 ac
1071 895 1263 989 generatim
1284 894 1517 966 Orientalium

396 1009 544 1107 pallium
562 1023 637 1083 erat
655 1021 743 1083 teste
754 1009 878 1083 Plauto
899 1009 1048 1104 aliisque
1064 1007 1231 1082 omnibus
1254 1011 1406 1104 antiquis
1429 1010 1518 1082 scri·

397 1125 573 1221 moribus.
595 1122 903 1211 Quemadmodum
921 1125 1015 1196 enim
1028 1125 1176 1196 Romani
1197 1125 1327 1220 passim
1337 1145 1444 1219 supra
1457 1127 1515 1195 tn·

396 1241 512 1314 nicam
524 1237 714 1312 utebantur
737 1250 833 1334 togae
855 1238 975 1311 Graeci
986 1236 1107 1310 itidem
1116 1260 1223 1334 super
1245 1238 1399 1310 tunicam
1415 1235 1518 1310 adhi-

396 1351 529 1426 bebant
549 1353 696 1450 paliium
711 1403 721 1436 ,
739 1351 953 1448 quadratum
968 1373 1095 1446 nempe
1107 1351 1229 1424 velum
1249 1350 1348 1446 quod
1361 1350 1518 1424 humeris

396 1469 601 1563 impositum
616 1490 635 1539 a
653 1479 754 1562 tergo
777 1465 1030 1550 desoendeban
1045 1488 1087 1539 an
1101 1489 1168 1562 pro
1182 1464 1299 1538 lubitu
1318 1467 1423 1538 etiam
1435 1463 1520 1540 bra·

396 1581 475 1653 chia
494 1593 529 1654 et
553 1583 766 1653 anteriorem
790 1593 925 1677 partem
948 1577 1143 1676 operiebat.
1168 1579 1284 1654 Probe
1304 1593 1422 1653 autem
1440 1577 1523 1677 pala

398 1694 487 1768 lium
510 1708 562 1767 est
578 1695 866 1791 distinguendum
886 1695 1084 1792 epaenuiu.
1104 1717 1196 1790 quae
1215 1697 1352 1768 invecta
1367 1708 1421 1768 est
1449 1717 1517 1790 pro

399 1809 583 1884 itineribus
596 1811 649 1883 vel
665 1825 703 1882 ut
727 1824 882 1884 tutamen
896 1823 986 1884 esset
999 1833 1019 1882 a
1037 1810 1159 1908 pluvia
1173 1823 1208 1882 et
1220 1833 1301 1882 aere
1315 1793 1516 1882 immitiori}

398 1923 547 2021 pallium
581 1927 675 1998 enim
702 1925 848 2000 honena
873 1948 1020 2022 prorsus
1050 1946 1092 1998 ae
1129 1923 1260 1998 deuoru
1284 1925 1391 1998 vestis
1414 1936 1489 1997 erat
1502 1915 1516 2006 ’,

399 2038 495 2112 haud
521 2041 638 2112 minus
661 2062 770 2134 qoam
793 2039 889 2136 apud
924 2038 1051 2112 latinos
1075 2053 1169 2134 toga.

473 2154 583 2227 Pallio
612 2154 735 2226 itidem
756 2154 874 2226 iudaei
894 2152 1098 2226 utebantur.
1119 2155 1225 2226 Num.
1243 2153 1318 2226 XV.
1339 2153 1400 2226 38.
1425 2152 1520 2225 «10—
1598 2155 1601 2160 '

403 2297 420 2336 s
451 2290 561 2363 quere
575 2267 657 2343 filiis
670 2267 774 2340 israel
790 2281 825 2340 et
837 2269 934 2340 dices
946 2268 991 2340 ad
1000 2289 1064 2341 'eos
1080 2280 1118 2340 ut
1131 2267 1259 2340 faciunt
1276 2265 1344 2340 sibi
1362 2263 1521 2340 fimbrias

402 2411 420 2450 s
449 2407 514 2480 per
529 2383 681 2478 angulos
695 2383 899 2478 palliorum,
916 2395 1086 2479 ponentes
1099 2383 1136 2454 in
1148 2383 1199 2454 eie
1212 2381 1315 2454 vittas
1323 2379 1521 2476 hyacinthi-

406 2527 423 2565 u
453 2521 632 2594 nasequas
646 2521 729 2570 cum
746 2497 898 2570 viderint
913 2496 1142 2570 recordentur
1164 2487 1522 2568 omniummandat'o·

404 2642 420 2678 n
448 2619 529 2686 rum
540 2615 694 2697 Domini,
712 2637 775 2686 nee
804 2613 1241 2710 sequantureogitationee
1261 2635 1344 2686 suas
1365 2625 1401 2684 et
1427 2633 1521 2686 oco-

404 2756 421 2796 »
448 2727 503 2799 los
522 2751 585 2824 per
601 2752 657 2800 res
680 2730 793 2801 varias
813 2728 1037 2802 fornicantes.
1053 2755 1071 2797 s
1088 2730 1236 2824 insuper
1254 2728 1521 2800 Deuteronomii

403 2843 794 2942 eap.XXii.12.cum
810 2841 1108 2916 Hebraeisiorma
1128 2844 1278 2916 vestium
1301 2841 1518 2939 designatur.

404 2983 421 3022 «
450 2955 658 3028 funiculos
648 2980 685 3028 tn
704 2956 854 3029 fimbriis
872 2957 977 3030 iacies
1008 2981 1073 3053 per
1101 2970 1254 3052 quatuor
1273 2956 1421 3052 angulos
1445 2956 1521 3052 pal·
1530 2965 1533 2972 '

385 3057 422 3138 'u
449 3071 488 3142 lii
506 3073 600 3142 tui.»

464 3184 553 3257 Cum
564 3184 724 3258 adductis
736 3187 942 3260 testimoniis
952 3211 994 3260 ex
1006 3189 1342 3270 veterii'estamento
1356 3183 1521 3257 conferre

401 3299 497 3371 iuvat
517 3302 656 3394 quaein
671 3323 765 3372 novo
778 3299 967 3374 habentur
983 3301 1105 3372 Matth.
1123 3325 1154 3372 c.
1170 3301 1296 3371 xxrn.
1311 3322 1346 3371 v.
1365 3300 1400 3368 5.
1423 3299 1522 3369 «Di-

404 3413 560 3484 »latent
592 3417 685 3484 enirn
719 3413 922 3508 philacteria
953 3439 1016 3488 sua
1045 3427 1080 3486 et
1110 3411 1333 3508 magnificant
1363 3410 1522 3495 fimbrias

330 3591 334 3598 ,
404 3551 496 3597 »ra
482 3499 769 3638 spuendo
722 3553 786 3600 των
812 3554 963 3627 sparsor
978 3527 1124 3601 αυτων»
1151 3533 1236 3602 Luc.
1253 3553 1284 3601 c.
1300 3531 1389 3601 vill.
1407 3545 1443 3599 v
1459 3529 1519 3598 st.

406 3642 578 3739 »Tetigit
589 3643 763 3716 fimbriam
777 3647 974 3718 vestimenti
991 3647 1065 3716 eius
1078 3669 1138 3717 rou
1122 3633 1346 3754 κςάςπώου
1362 3640 1426 3714 τοῦ
1440 3635 1522 3742 ἱμα-

406 3745 526 3830 »riou
541 3756 660 3833 αυτοῦ
677 3759 965 3834 »Adnotandum
988 3764 1098 3857 priori
1128 3765 1165 3833 in
1191 3761 1392 3832 testimonio
1415 3761 1523 3830 vittas

402 3878 482 3950 illas
505 3899 526 3948 a
549 3879 657 3948 Mose
671 3879 904 3974 praescriptas
930 3875 1120 3971 designari.
1149 3877 1322 3972 siquidem
1345 3873 1518 3946 Pharisaei

403 3994 574 4066 dicuntur
602 3995 758 4088 praecise
783 3991 1008 4089 magnificare
1033 3991 1216 4076 fimbrias,
1236 3992 1324 4063 latas
1353 3992 1519 4064 nimirum

403 4105 561 4180 fimbrias
585 4131 647 4180 seu
671 4111 773 4180 vittas
791 4111 827 4180 in
853 4109 967 4204 palliis
990 4106 1182 4180 habebant.
1212 4111 1345 4180 Rursus
1373 4107 1419 4180 de
1446 4107 1524 4203 pai-

402 4225 452 4296 lio
480 4224 603 4296 Matth.
630 4211 662 4294 e.
687 4225 729 4293 V.
755 4247 790 4295 v.
827 4225 887 4295 to.
918 4223 992 4294 «Et
1020 4224 1051 4295 ei
1081 4224 1142 4318 qui
1172 4223 1250 4294 vult
1284 4235 1402 4295 tenum
1425 4223 1523 4294 ‘iudi-

406 4367 422 4404 »
452 4341 506 4410 cio
544 4339 757 4424 contendere
793 4351 828 4410 et
852 4341 1005 4411 tunicam
1035 4351 1132 4412 tuam
1151 4337 1303 4424 tollere,
1334 4337 1470 4410 dimitte
1491 4341 1524 4411 ei
