3402 5222
817 354 994 424 ..20-

430 489 559 561 Eadem
581 488 689 562 ferme
714 507 904 564 occurrunt
923 495 959 562 in
977 510 1139 560 sermone
1165 485 1209 555 de
1237 495 1329 554 veste
1353 505 1472 553 sacer·-

357 603 480 688 dotali,
507 605 561 675 cui
589 627 719 676 nomen
745 607 779 677 S.
797 609 936 679 Maximi
952 602 1145 702 praefixum
1162 615 1225 672 est.

432 747 449 785 r
478 721 516 790 ln
535 720 613 814 lege
630 723 761 816 gratiae
779 725 960 817 antiquum
981 734 1032 792 est
1049 717 1136 788 illud
1153 729 1313 786 nostrum
1328 713 1470 807 Ephod,

359 861 376 899 u
404 833 494 904 idest
518 834 691 916 Pallium,
718 837 817 929 quod
843 840 953 908 nostri
979 831 1196 904 Patriarchae
1216 827 1433 900 arbitrantur
1453 851 1470 894 a

359 977 376 1016 n
404 950 492 1020 Lino
516 962 593 1044 post
616 953 757 1022 Petrum
781 951 938 1023 secundo
956 953 1114 1022 Romano
1141 942 1309 1016 Pontifice
1333 946 1473 1014 institu-

359 1090 376 1128 n
404 1075 479 1132 tum
499 1076 531 1134 et
552 1065 587 1134 iu
606 1064 782 1158 singulare
807 1065 989 1161 potestatis
1015 1062 1236 1156 privilegium
1257 1060 1386 1130 nostris
1399 1059 1472 1127 Deo

359 1205 376 1244 n
405 1177 515 1273 plenis
538 1178 759 1252 Praesulibus
785 1180 953 1252 datum.»

354 1285 355 1290 ’
429 1292 507 1376 Ouo
531 1313 634 1364 sensu
660 1293 809 1365 Pallium
833 1294 1029 1366 deducatur
1049 1314 1092 1362 ex
1110 1289 1235 1384 Ephod
1256 1292 1323 1358 iam
1344 1299 1396 1358 est
1413 1309 1472 1356 ex-

356 1404 542 1500 plicatum:
558 1421 592 1478 at
606 1407 707 1503 plura
721 1409 839 1504 quoad
865 1409 1066 1480 historicam
1085 1405 1182 1476 Pallii
1199 1407 1372 1497 originem
1385 1401 1471 1473 inibi

357 1536 559 1594 asseruntur
581 1526 613 1593 l.
634 1524 782 1596 Pallium
796 1525 992 1596 institutum
1006 1545 1025 1594 a
1039 1524 1126 1592 Lino
1138 1520 1294 1591 secundo
1312 1523 1472 1590 Romano

356 1634 542 1718 Pontificc,
560 1639 650 1708 Petri
664 1637 826 1710 videlicet
835 1637 1040 1710 immediato
1053 1657 1264 1714 successore,
1283 1644 1470 1726 quatenus,

358 1763 397 1822 ul
425 1774 468 1824 ex
499 1751 611 1824 altero
645 1752 816 1826 habemus
845 1755 1075 1833 testimonio,
1110 1753 1226 1845 primo
1256 1751 1330 1842 ipse
1363 1747 1471 1817 Pallio

357 1867 503 1938 amictus
528 1868 584 1940 sit.
604 1871 640 1939 2.
656 1870 741 1940 Eam
761 1892 835 1940 esse
857 1869 1062 1940 Praesulum
1088 1864 1317 1938 Orientalium
1339 1864 1471 1935 doctri-

357 2002 439 2052 nam
457 1993 492 2052 et
510 1979 745 2054 traditionem.
767 1985 802 2054 3.
823 1986 950 2054 Datum
968 1981 1013 2054 ab
1031 1981 1231 2078 Apostolica
1246 1979 1334 2048 Sede
1347 1979 1471 2048 Orien·

358 2097 402 2167 tis
426 2095 694 2170 Praesulibusin
708 2099 883 2194 singulare
903 2099 1084 2194 potestatis
1110 2095 1345 2191 privilegium.

430 2214 591 2284 Prostant
612 2213 699 2286 haec
715 2215 913 2285 testimonia
933 2235 1038 2307 penes
1054 2212 1257 2283 Catalanum
1280 2221 1469 2280 commem.

358 2325 402 2396 ad
427 2325 665 2400 Ceremoniale
689 2331 731 2400 lt.
749 2331 789 2400 E.
810 2327 895 2399 edit.
913 2331 1016 2400 Rom.
1039 2329 1130 2397 1750
1149 2339 1174 2396 t.
1197 2328 1223 2396 1.
1242 2310 1281 2419 p,
1296 2326 1380 2394 alu.

431 2441 602 2514 Oldoinus
631 2445 669 2514 iu
698 2445 919 2514 Ciacccnium
948 2443 1048 2514 alteri
1073 2442 1213 2511 innixus
1239 2440 1469 2518 testimonie,

357 2555 457 2628 Pallii
483 2557 528 2629 ad
552 2559 766 2630 Clementem
791 2561 1045 2630 institutionem
1071 2569 1229 2628 revocat:
1252 2555 1411 2650 profecto
1434 2567 1474 2624 ut

359 2670 455 2744 allati
469 2676 665 2767 argumenti
682 2679 735 2746 vis
753 2677 932 2756 consistat,
954 2676 1036 2745 satis
1053 2686 1105 2744 est
1123 2686 1161 2744 ut
1181 2672 1224 2742 ad
1246 2673 1379 2766 priores
1401 2673 1473 2740 Rc-

359 2809 481 2858 manos
506 2788 690 2862 Pontifices
712 2793 892 2886 proximos
912 2793 1001 2861 Petri
1027 2811 1242 2862 successores
1268 2787 1365 2856 Pallii
1391 2809 1474 2858 usus

360 2901 543 2974 referatur.
563 2905 623 2975 Est
638 2906 782 3000 iusuper
796 2904 1036 2977 adnotandum
1049 2903 1160 2999 quod,
1177 2903 1255 2972 licet
1271 2924 1353 2972 vera
1367 2902 1473 2972 chro-

361 3018 503 3113 nologia
528 3021 653 3092 Linum
683 3023 773 3092 Petri
804 3020 1045 3092 immediatum
1070 3041 1304 3098 successorem
1329 3028 1470 3098 statuat,

260 3225 264 3229 ¹
361 3132 457 3228 apud
471 3135 661 3208 nonnullos
679 3149 815 3208 veteres
832 3138 1033 3230 scriptores,
1050 3134 1237 3207 orientales
1251 3133 1470 3227 praesertim,

360 3245 518 3321 Clemens
536 3251 647 3344 priori
676 3251 716 3322 in
738 3251 819 3322 loco
845 3249 1049 3322 exhibetur:
1076 3249 1158 3320 hinc
1184 3248 1275 3319 forte
1299 3259 1349 3318 est
1377 3269 1472 3340 repe-

361 3363 507 3436 tendum
519 3367 757 3438 testimonium
771 3366 816 3437 de
828 3367 927 3437 Pallii
939 3357 1231 3458 institutione'per
1240 3364 1469 3440 Clementem,

361 3477 443 3551 licet
468 3483 584 3556 verius
608 3483 781 3554 institutio
805 3505 868 3553 seu
892 3483 1009 3577 potius
1035 3483 1147 3576 prima
1174 3480 1347 3573 susceptio
1371 3477 1471 3548 Pallii

362 3594 407 3666 ad
431 3597 556 3669 Linum
584 3621 647 3694 per
672 3599 758 3671 alios
784 3597 967 3675 referatur,
994 3599 1056 3692 qui
1082 3619 1203 3692 reapse
1229 3596 1363 3690 primus
1390 3605 1470 3686 post

269 3755 273 3774 .
361 3711 503 3781 Petrum
528 3713 565 3783 in
590 3716 744 3785 Romana
770 3711 934 3785 cathedra
960 3711 1061 3782 sedit.
