3402 5222
855 305 1010 363 ...μ

781 541 1005 608 tuticuffls
1027 541 1082 606 tv.

494 715 545 776 Ec
565 711 700 775 adductis
721 711 866 792 quaedum
888 711 1063 790 disciplima
1085 713 1183 790 cupita
1205 715 1363 772 eruuntur.

367 885 373 896 ’
445 899 495 970 Ex
520 897 686 968 hactenus
711 893 960 966 animadversis
986 894 1071 964 baec
1095 895 1198 964 statui
1233 915 1335 987 posse
1365 893 1491 966 viden-

374 1025 444 1083 tur.
467 1015 501 1082 1.
522 1010 621 1082 Pallii
647 1021 893 1081 ornamentum
919 1007 965 1080 ab
990 1009 1177 1101 antiquiori
1204 1020 1313 1080 aetate
1338 1011 1485 1080 Romani

373 1123 549 1198 Pontificis
565 1124 752 1219 proprium
770 1124 934 1194 extitisse.
961 1126 998 1194 2.
1015 1123 1147 1194 Saeculi
1168 1124 1223 1194 tv.
1244 1124 1363 1204 initio,
1392 1123 1487 1196 illius

373 1263 476 1312 usum
503 1237 548 1311 ad
585 1239 733 1310 Romani
758 1235 934 1308 Pontificis
968 1237 1226 1310 ordinationem
1253 1238 1484 1334 peragendam

372 1355 522 1426 Ostiensi
548 1354 722 1449 Episcopo
756 1374 821 1447 per
857 1353 1011 1424 Marcum
1036 1354 1074 1423 P.
1094 1352 1212 1424 datum
1242 1351 1360 1424 fuisse.
1393 1354 1430 1426 3.
1459 1355 1486 1422 Α

372 1471 512 1543 saecqu
536 1470 662 1564 quinto
685 1467 897 1540 documenta
922 1465 1043 1538 baberi
1069 1466 1167 1538 Pallii
1185 1467 1303 1540 traditi
1324 1471 1487 1540 aRoma-

373 1589 428 1659 nis
447 1581 673 1657 Pontificibus
695 1585 732 1652 in
755 1582 911 1655 favorem
927 1583 1252 1678 Metropolitanum,
1280 1595 1314 1654 et
1337 1584 1486 1656 aliorum

363 1701 598 1782 Anderitum,
632 1699 837 1794 praesertim
874 1697 1004 1792 quibus
1039 1699 1237 1770 vicariaiem
1278 1711 1484 1793 potestaten

373 1813 763 1888 committebant:.ticet
787 1837 830 1884 ex
847 1813 971 1884 iisdem
989 1813 1209 1885 documentis
1235 1826 1372 1886 constet
1388 1827 1483 1886 antea

372 1933 479 2003 etiam
500 1928 625 2001 similia
643 1951 685 2000 ex
701 1928 901 2024 Apostolica
921 1928 1009 2000 Sede
1028 1927 1130 2025 plura
1149 1929 1320 2023 prodiisse
1337 1927 1482 2002 indulta.

372 2047 409 2116 t.
424 2043 569 2118 Saeculo
587 2055 712 2115 octavo
728 2064 880 2115 canones
894 2041 996 2114 datos
1013 2055 1053 2114 ut
1070 2065 1193 2114 omnes
1210 2045 1485 2138 Metropolitaea

372 2163 531 2232 Romano
555 2155 723 2230 Pontifice
746 2156 895 2230 Pallium
916 2139 1196 2251 aueouerentur.
1218 2160 1253 2229 5.
1279 2160 1378 2232 Pallii
1402 2181 1485 2232 cou-

372 2276 481 2348 cessio
504 2275 553 2346 ita
578 2271 685 2344 fiebat
709 2285 749 2343 ut
772 2273 864 2344 intra
889 2271 1077 2344 Ecclesiam
1102 2285 1136 2344 et
1162 2273 1206 2344 ad
1230 2276 1412 2348 Missurum
1431 2297 1486 2346 so-

372 2389 502 2462 lemnia
535 2399 672 2460 tantum
703 2400 794 2458 esset
827 2387 1072 2460 deferendum.
1101 2391 1137 2460 6.
1166 2391 1383 2462 Patriarcbas
1410 2389 1485 2462 lati-

372 2507 499 2602 nos-in
522 2503 664 2574 Orieme
688 2503 895 2574 constitutos
923 2503 1071 2574 Pallium
1100 2502 1146 2577 ab
1176 2504 1376 2599 Apostolica
1400 2505 1486 2578 Sede

373 2620 540 2713 consequi
565 2616 740 2690 debuisse.
770 2619 805 2689 7.
835 2619 957 2689 Datam
980 2618 1106 2690 iisdem
1136 2621 1273 2692 veniam
1302 2633 1363 2704 ut,
1392 2643 1485 2692 acce-

373 2747 436 2828 pto
453 2756 523 2828 per
548 2731 787 2826 Apostolicam
813 2731 945 2802 Sedem·
962 2733 1091 2816 Pallio,
1118 2734 1349 2829 Metropolitis
1372 2735 1486 2813 latinis

374 2871 459 2921 suae
477 2847 621 2919 ditionis
638 2846 832 2918 concedere
850 2847 940 2918 illud
958 2860 1113 2942 possent.

449 2965 601 3034 Demum
636 2975 688 3034 est
720 2963 811 3034 circa
836 2962 935 3034 latini
964 2961 1063 3034 Pallii
1089 2961 1240 3034 formam
1267 2963 1486 3036 animadver-
1617 3043 1619 3046 .

374 3077 522 3151 tendum
546 3073 591 3148 ad
616 3078 794 3149 saeculum
818 3101 930 3171 usquc
957 3080 1046 3160 XVI,
1062 3079 1152 3150 illud
1173 3080 1277 3150 vittas
1300 3079 1486 3174 oblongio-
1611 3133 1618 3173 s
1680 3115 1681 3136 ι

375 3217 430 3266 res
456 3206 605 3287 utraque
629 3194 666 3262 in
693 3205 792 3288 parte
815 3192 1008 3287 pendentes
1033 3192 1213 3278 habuisse,
1241 3218 1331 3290 quae
1360 3195 1487 3266 deinde

373 3307 556 3382 breviores
585 3306 661 3380 ficri
680 3319 871 3404 coeperunt
889 3321 926 3380 ut
944 3309 1002 3381 vix
1027 3309 1134 3404 palmi
1161 3312 1264 3382 unius
1286 3332 1486 3384 mensuram

368 3415 559 3521 attingant.
581 3427 728 3522 Insuper
756 3422 800 3495 ad
825 3424 1003 3495 saeculum
1021 3426 1114 3495 xttl.
1138 3423 1236 3496 rubri
1262 3425 1391 3498 coloris
1408 3449 1486 3497 cru·

363 3561 431 3610 ces
455 3539 647 3633 generatim
672 3540 941 3612 commemorari
970 3561 1010 3610 ac
1028 3541 1202 3634 perspici3
1234 3541 1269 3610 io
1289 3553 1483 3634 posterum,
1502 3551 1504 3557 '

362 3653 461 3746 ‚quin
478 3655 680 3728 mutationis
696 3656 733 3724 in
757 3653 867 3726 Pallio
886 3675 987 3726 causa
1013 3667 1204 3750 appareat,
1227 3657 1344 3748 nigras
1368 3656 1486 3750 potius

364 3789 496 3840 ‚cruces
514 3771 645 3865 apponi
667 3770 901 3842 consuevisse.
