3402 5222
843 357 1065 454 ’.46-

414 518 672 612 angustatione,
693 531 729 590 et
745 517 1047 624 quemadmodum
1066 517 1139 594 illia
1155 520 1280 602 llarci,
1302 521 1349 594 ita
1368 521 1430 594 hie
1443 524 1537 596 Petri

412 632 561 705 Pallium
581 625 793 704 eorumdem·
813 634 1076 748 suecessoribus
1100 635 1282 708 traditum.
1394 675 1397 682 ·
1424 711 1427 718 λ

836 829 1060 896 ARthULUS
1082 831 1122 896 V.

735 995 740 1006 ⁵
773 1021 888 1089 Celeris
911 1031 988 1090 ratio
1011 1011 1174 1105 cummim.

485 1209 623 1284 Coloris
646 1211 737 1304 ratio
762 1207 911 1282 mirilioe
933 1209 1152 1306 designatam
1177 1209 1276 1286 Pallii
1292 1209 1446 1304 ostendit
1460 1213 1537 1286 ori·

294 1403 295 1410 1
412 1326 545 1422 ginem.
566 1323 715 1397 Pallium
740 1323 813 1396 albi
838 1324 969 1397 eoloris
985 1337 1039 1398 est
1055 1348 1097 1398 ac
1114 1325 1242 1420 iugiter
1259 1327 1389 1410 extitit,
1409 1349 1537 1420 quem·

414 1439 608 1514 admodum
635 1463 677 1512 ex
708 1438 942 1512 documentis
965 1440 1080 1512 allatis
1114 1453 1220 1536 atque
1253 1441 1291 1512 iu
1325 1440 1537 1537 imaginibus

411 1540 631 1650 quibuslibet
656 1555 825 1626 oocurn't.
840 1565 843 1574 “
861 1555 953 1628 ilinc
980 1567 1184 1650 opportune
1213 1553 1412 1628 excluditur
1433 1557 1538 1630 'Pallii

411 1669 516 1764 origo
539 1693 582 1742 ex
595 1669 772 1764 Imperiali
799 1668 1009 1742 indumento
1028 1669 1084 1744 vel
1103 1669 1312 1764 chlamyde,
1329 1693 1423 1766 quae
1440 1684 1537 1745 rerte

415 1807 595 1882 purpurea
622 1797 711 1856 erat.
750 1783 958 1858 Recolamus
992 1787 1110 1882 itaque
1138 1797 1301 1882 oportet,
1327 1786 1537 1860 vetustiores

414 1898 670 1994 Apostolorum
697 1899 868 1994 imagines
891 1901 1062 1972 oonstanti
1086 1921 1232 1996 prorsus
1257 1913 1344 1997 typo
1368 1893 1537 1976 exhibere

417 2033 492 2085 non
517 2009 628 2086 modo
653 2011 750 2086 albas
776 2014 932 2096 tunicas.
952 2013 1015 2088 sed
1039 2012 1119 2086 alba
1143 2014 1229 2088 item
1254 2015 1362 2111 pallia
1379 2014 1537 2089 humeris

414 2127 594 2226 imposita.
629 2127 823 2200 Videantur
855 2130 990 2202 musiva
1024 2151 1133 2226 opera
1163 2152 1255 2224 quae
1289 2127 1466 2204 habentur
1498 2133 1537 2204 in

414 2243 568 2317 Basilidis
592 2245 627 2315 S.
647 2245 825 2318 Laurentii
851 2257 948 2318 extra
976 2246 1139 2326 moenia,
1159 2245 1218 2318 SS.
1239 2245 1383 2318 Cosmm
1407 2259 1443 2318 et
1466 2247 1537 2320 Da·

414 2359 548 2452 mium,
573 2359 608 2432 S.
629 2357 799 2440 Ceeiliae.
820 2359 855 2430 S.
891 2359 1081 2442 Praedia,
1102 2361 1137 2432 S.
1170 2360 1276 2434 Marci
1301 2361 1397 2456 atqui
1423 2359 1533 2433 alibit

414 2475 623 2546 vetustiores
648 2473 735 2556 dlxi,
750 2475 833 2570 quia
859 2477 896 2548 in
923 2473 1177 2548 recentioribus
1194 2497 1214 2548 a
1233 2475 1378 2558 saeculo¹
1395 2475 1535 2560 decimo

279 2671 283 2682 ¹
415 2611 529 2661 canon
553 2591 618 2662 iste
644 2588 739 2661 haud
766 2602 928 2662 accurate
953 2588 1009 2662 ab·
1025 2588 1214 2687 opificibus
1246 2591 1378 2662 servari
1401 2593 1533 2686 coepit.

415 2707 527 2777 Porro
552 2705 683 2778 eoloris
708 2705 933 2778 uniformitas
946 2705 1067 2800 quoad
1080 2708 1116 2778 S.
1135 2705 1285 2778 Pallium
1306 2705 1354 2786 de,
1373 2728 1447 2800 quo
1464 2707 1537 2802 agi·

415 2843 509 2903 mus,
535 2819 656 2892 album
682 2820 778 2916 apud
805 2820 934 2894 latinos
960 2834 997 2894 et
1020 2843 1183 2918 graecos,
1211 2843 1293 2896 eum
1317 2821 1358 2892 iis
1379 2843 1472 2915 quae
1497 2822 1535 2894 in

415 2935 669 3032 Apostolorum
683 2935 806 3008 habitu
823 2949 1035 3020 opponunt,
1053 2931 1193 3032 palliis:
1209 2957 1332 3008 rursus
1349 2932 1537 3010 confirmat

416 3051 655 3150 apostolicam
680 3052 779 3124 Pallii
803 3053 1003 3147 originem,
1023 3065 1059 3124 et
1080 3050 1226 3146 quidem
1244 3049 1417 3124 Pontifieii
1436 3052 1535 3124 Pallii

390 3241 392 3246 ,
416 3189 460 3237 ex
473 3168 565 3238 Petri
580 3166 702 3263 pallio.
724 3165 886 3240 Proiecto
900 3167 983 3240 licet
996 3165 1091 3262 apud
1114 3165 1306 3240 nonnullos
1319 3167 1532 3249 Orientales.

416 3285 451 3356 S.
479 3284 579 3356 Pallii
605 3285 707 3357 color
734 3283 914 3355 adinstar
942 3283 1094 3356 aliorum
1115 3283 1405 3356 indumentorum
1429 3281 1535 3354 inerit

417 3411 576 3496 aptatum
610 3421 800 3472 consensus
817 3401 993 3470 Romanae
1015 3397 1188 3472 Ecclesiae
1209 3399 1422 3480 Graecorum
1446 3397 1534 3470 alio·

416 3533 568 3610 rumque
585 3513 817 3586 Orientalium
841 3516 878 3586 in
894 3513 977 3586 albo
992 3509 1105 3586 ¹Pallio
1123 3513 1310 3596 servando,
1324 3513 1430 3584 etiam
1452 3536 1534 3584 eum

417 3629 455 3698 in
472 3625 616 3723 reliquis
642 3629 749 3700 sacris
765 3627 979 3700 indumentis
1008 3640 1104 3700 tanta
1127 3626 1288 3698 colorum
1312 3627 1461 3700 varietas
1478 3629 1534 3714 in-

416 3741 498 3814 duci
517 3745 633 3838 eoepit
648 3795 658 3826 ‚
673 3755 830 3816 vetustae
855 3743 997 3816 cuidam
1019 3743 1121 3839 praxi
1139 3742 1322 3823 innititur,
1345 3751 1458 3836 eaque
1480 3741 1534 3816 la·

418 3857 686 3952 ciledetegitur
704 3860 739 3928 in
765 3843 1018 3955 albispalliis',
1047 3881 1138 3952 quae
1161 3857 1416 3953 Apostolorum
1429 3859 1534 3932 ‘ima-

418 3973 516 4066 gines
535 3973 661 4064 iugiter
679 3971 856 4046 exhibent.
1020 4057 1023 4063 ¹

337 4081 339 4086 ’
491 4085 666 4158 Credibile
689 4090 762 4158 imo
788 4087 981 4176 admodum
1006 4101 1059 4160 est
1085 4089 1180 4183 ipsos
1203 4086 1393 4182 Apostolos
1410 4109 1534 4182 reapse

398 4198 491 4294 albi
517 4197 646 4274 coloris
665 4200 770 4296 pallia
795 4213 829 4274 et
855 4204 1007 4294 tunicas,
1033 4201 1121 4274 dum
1147 4202 1327 4282 viverent,
1355 4213 1530 4294 gestasse,

419 4315 555 4412 ptimo.
582 4316 668 4415 quia
692 4317 730 4388 in
754 4315 963 4412 supradictis
979 4314 1229 4390 vetustioribus
1253 4313 1464 4410 imaginibus
1484 4317 1533 4392 ita
