3402 5222
833 366 878 386 ..
900 337 941 402 44
966 369 1010 388 ..

736 532 760 597 §.
780 533 807 584 l.
827 525 908 584 Pallii
926 525 1093 584 benedictio.

435 709 579 782 nestit
607 709 749 801 antiqua
784 706 1006 780 comitetudo
1037 719 1076 778 ut
1111 705 1298 800 multiplici
1325 701 1392 775 sub
1417 725 1473 774 re·

362 835 483 922 spectu
508 824 604 896 Pallii
631 822 829 894 benedictio
851 821 897 892 ad
920 822 1037 917 ipsum
1056 819 1197 893 beatum
1217 822 1358 890 Petrum
1378 821 1473 912 Apo-

360 941 517 1022 stolum,
554 941 697 1033 eiusque
728 939 888 1032 inprimis
914 937 1092 1010 tumulum
1119 935 1304 1008 reseratur.
1339 931 1473 1005 llitibus

360 1055 540 1151 plurimis,
561 1077 651 1148 quaa
668 1055 711 1126 ad
736 1054 918 1124 materiam
935 1053 1047 1148 ipsam
1066 1051 1161 1124 uude
1178 1049 1405 1129 efformatae,
1422 1047 1474 1118 la·

362 1193 444 1244 uam
461 1169 641 1247 videlicet,
660 1171 804 1263 eiusque
823 1169 990 1260 mysticos
1004 1189 1125 1240 sanem
1142 1165 1357 1247 acleruutur,
1373 1185 1472 1262 prae·

362 1287 499 1365 mifl'nz
525 1285 678 1356 infesto
705 1283 863 1378 martyrii
889 1283 1057 1378 Principis
1090 1281 1366 1377 Apostolorum,
1390 1301 1471 1350 cum

360 1399 521 1474 videlicet
549 1399 695 1494 pallium
727 1398 891 1478 dimisit,
924 1397 1023 1468 Pallii
1065 1395 1264 1468 benedictio
1292 1396 1472 1490 peragitur
1576 1441 1581 1452 -

360 1527 441 1612 pust
458 1535 621 1610 vesperas
642 1535 706 1608 per
722 1515 838 1608 ipsum
860 1511 1086 1594 Pontificem,
1100 1534 1145 1584 ex
1163 1507 1343 1584 Pontificia
1361 1509 1469 1590 Sede,

359 1651 457 1702 sacra
483 1641 641 1724 agentem
673 1628 717 1700 ad
750 1627 976 1724 sepulchrum
1004 1628 1173 1722 Principis
1204 1627 1468 1722 Apostolorum.

360 1745 467 1818 Pallia
500 1765 587 1818 vam
621 1745 789 1840 disposita
820 1745 893 1816 iam
924 1742 1063 1816 fueraut
1099 1765 1211 1839 prope
1244 1744 1356 1838 ipsam
1382 1743 1472 1812 Con-

360 1859 564 1934 icssiouem:
593 1862 662 1932 ritu
693 1873 811 1933 autem
837 1871 1000 1955 peracto,
1034 1881 1140 1956 snpra
1170 1857 1380 1954 operculum
1410 1879 1471 1928 seu
1560 1881 1561 1885 ¹

359 1975 518 2049 foramen
539 1974 772 2048 confessionis
797 1975 926 2070 ipsius,
955 1974 1123 2045 nimirum
1152 1995 1259 2067 supra
1283 1969 1470 2044 beatissimi

358 2091 519 2188 Apostoli
540 2091 739 2168 tumulum,
760 2092 797 2162 in
814 2111 918 2186 capsa
935 2087 1088 2184 quadam
1112 2085 1342 2182 deponuntur
1357 2138 1366 2168 ,
1382 2089 1473 2182 iugi·

358 2205 641 2302 sequanenses
668 2219 903 2278 asservantur.
929 2208 1023 2276 Licet
1048 2226 1135 2276 vero
1161 2204 1362 2276 huiusmodi
1386 2206 1473 2274 ritus

357 2343 377 2392 a
404 2321 592 2393 benedicto
616 2322 704 2392 XlV.
731 2339 772 2391 ea
799 2321 954 2415 praecise
984 2320 1120 2392 ratione
1152 2319 1266 2392 luerit.
1283 2318 1473 2414 dispositus

358 2457 422 2532 per
448 2436 739 2508 Constitutiouem
771 2437 903 2506 Rerum
930 2433 1285 2512 neminemnam.
1318 2447 1471 2506 attamen

356 2551 476 2646 quoad
497 2550 727 2624 substantiam
751 2549 797 2622 ab
820 2552 1010 2646 antiquiori
1032 2563 1144 2624 aetate
1167 2549 1383 2624 servabatur.

429 2667 631 2762 Antiquitas
645 2669 752 2739 etiam
772 2687 877 2762 saepo
896 2669 1034 2762 saepius
1052 2689 1118 2764 per
1138 2668 1255 2764 ipsum
1269 2665 1473 2740 Pontificem

357 2781 443 2854 haec
467 2781 657 2853 Palliorum
683 2783 899 2853 consecratio
927 2779 1057 2865 fiebat,
1087 2795 1122 2854 at
1156 2803 1238 2854 cum
1266 2780 1361 2852 haud
1391 2803 1475 2852 raro

356 2895 541 2967 Pontifices
562 2899 672 2970 Roma
695 2895 876 2976 abessent,
903 2919 979 2968 mos
1000 2909 1075 2969 erat
1095 2909 1134 2969 ut
1160 2897 1266 2968 Pallia
1286 2895 1473 2968 benedice-

357 3003 562 3105 renturper
579 3011 812 3106 Episcopum,
833 3013 894 3105 qui
919 3013 1107 3084 matutinas
1132 3012 1238 3084 horas
1261 3010 1340 3084 lesti
1364 3013 1473 3110 ipsius

358 3122 579 3220 praecinebat
592 3149 601 3193 ε
616 3121 816 3196 benedictio
839 3124 947 3198 fiebat
965 3129 1113 3221 propius
1137 3126 1182 3198 ad
1200 3128 1313 3221 ipsam
1330 3126 1474 3198 Confes-

356 3242 512 3322 sionem,
527 3252 631 3336 atque
651 3241 688 3310 in
711 3243 820 3312 veteri
845 3241 971 3312 ordine
994 3240 1177 3338 vigilandi
1190 3241 1313 3314 Pallia
1330 3241 1474 3314 exhiba-

356 3369 414 3429 tur
440 3354 622 3429 celebrans
639 3356 701 3450 qui
724 3383 741 3421 a
757 3356 865 3428 intrat
886 3355 930 3428 ad
949 3378 1078 3453 corpus
1097 3359 1136 3428 B.
1157 3358 1249 3430 Petri
1265 3369 1300 3430 et
1314 3359 1414 3453 ponit
1433 3380 1471 3430 ca

359 3501 375 3539 s
404 3495 511 3568 super
527 3471 683 3542 altare.»
712 3471 923 3554 Peculium,
950 3495 991 3544 ea
1016 3471 1123 3545 dere
1146 3474 1353 3546 constitutae
1373 3487 1474 3546 eraut

357 3610 493 3682 preces,
519 3609 607 3681 quas
636 3585 748 3657 edidit
775 3587 970 3660 Cardinalis
994 3587 1198 3666 Thomasius
1223 3613 1335 3686 prope
1365 3587 1473 3662 linem

296 3721 299 3734 ’
354 3703 489 3800 primae
513 3702 620 3798 partis
642 3703 761 3798 operis
778 3697 931 3797 Antiqui
942 3701 1145 3774 ”missarum
1164 3689 1261 3775 libri.
1282 3707 1402 3799 Neque
1421 3717 1475 3776 est

354 3817 648 3912 praetercundum
661 3817 758 3911 quod
771 3816 878 3890 refert
891 3819 1055 3892 Nicolaus
1072 3818 1117 3891 de
1135 3818 1276 3892 Bralion
1293 3819 1337 3891 de
1353 3819 1474 3891 Pallio

353 3955 390 4028 p.
413 3933 473 4002 66.
497 3953 637 4026 capsam
661 3954 742 4002 cum
760 3932 877 4008 Palliis
898 3946 978 4029 post
1003 3931 1284 4006 benedictionem
1304 3957 1375 4006 una
1393 3936 1478 4030 qui-a

353 4046 436 4118 dem
456 4056 559 4116 nocte
580 4069 685 4140 supra
703 4050 794 4118 Petri
815 4056 945 4143 corpus
962 4048 1137 4130 relictam,
1159 4048 1287 4120 deinde
1306 4072 1394 4122 vero
1410 4073 1471 4121 su·

352 4185 417 4258 per
443 4162 554 4256 ipsius
579 4160 804 4244 Cathedram,
826 4186 918 4259 quae
942 4165 980 4234 in
1002 4165 1155 4236 sacrario
1173 4176 1266 4247 erat,
1287 4177 1474 4260 antequam

352 4297 417 4374 per
437 4273 619 4348 Urbanum
647 4277 736 4348 vllt.
768 4277 806 4348 in
832 4275 954 4350 abside
980 4277 1199 4361 elevaretur,
1226 4277 1332 4352 fuisse
1355 4301 1475 4352 serva-
