3402 5222
685 355 863 418 ..43-

217 484 412 554 sanctuaria
424 478 632 556 dicebantur
644 497 679 556 et
692 478 931 580 Reliquiarnm
957 509 1057 560 more
1081 486 1327 574 servabantur,

218 595 308 668 adeo
331 611 371 670 ut
395 597 440 670 ad
465 597 550 670 haec
574 611 609 670 et
632 599 781 671 Pallium
798 599 935 697 dequo
959 604 1094 696 agimus
1112 605 1157 676 sit
1174 603 1330 676 releren-

217 711 318 782 dum.
346 713 392 782 At
418 711 626 784 latissimum
652 713 838 786 discrimen
867 716 960 786 inter
983 715 1127 810 palliola
1154 719 1216 790 ista
1240 741 1331 813 quae

218 827 409 923 aliquando
434 828 579 900 saeculis
605 828 728 899 mediis
750 827 998 911 tradebantur,
1018 844 1054 902 et
1070 831 1217 904 Pallium
1238 834 1331 906 Pon-

218 939 362 1013 tilicale:
383 941 502 1039 quoad
515 942 576 1014 illa
590 942 640 1013 nil
654 943 857 1037 praestitum
874 965 916 1014 ex
934 945 976 1016 iis
993 967 1083 1038 quae
1100 945 1156 1016 vel
1179 947 1330 1018 diximus

217 1056 275 1126 vel
300 1081 382 1128 mox
407 1057 632 1153 proferentur
656 1057 702 1129 de
727 1058 837 1130 Pallio
862 1057 1070 1142 Pontificali‚
1097 1062 1170 1133 imo
1188 1085 1251 1134 nec
1268 1084 1331 1158 up-

219 1171 441 1266 pellabantur
471 1173 578 1244 Pallia
603 1172 649 1244 de
674 1195 823 1268 corpore
848 1196 877 1244 s.
906 1176 1010 1244 Petri.
1039 1177 1215 1270 imprimis
1244 1198 1331 1250 vero

218 1289 270 1358 nti
299 1311 447 1382 mappae
472 1311 532 1359 seu
548 1288 720 1360 mantilia
744 1289 871 1383 iugiter
889 1287 1116 1372 exhibentur,
1136 1314 1331 1386 numquam

217 1425 305 1474 vero
323 1401 449 1475 tradita
463 1402 508 1474 ad
521 1425 690 1497 personae
708 1403 955 1476 indumentum
970 1427 1011 1475 ca
1030 1404 1186 1500 palliola,
1206 1429 1332 1501 quem·

218 1517 411 1590 admodum
435 1520 562 1614 iugiter
592 1519 837 1592 indumentum
867 1542 1038 1616 personae
1067 1520 1215 1593 Pallium
1240 1523 1330 1594 Pon·

219 1631 347 1705 tidcalc
372 1630 530 1706 habitum
556 1647 620 1706 est.

291 1751 547 1843 Argumentum
577 1749 743 1822 eductum
772 1774 816 1822 ex
843 1773 883 1824 ea
915 1749 1068 1822 formula
1099 1749 1259 1822 Polliam
1288 1750 1332 1822 dc
1453 1769 1456 1776 ⁴

220 1865 371 1962 Corpore
394 1889 424 1935 s.
444 1864 546 1936 Petri
566 1865 736 1938 declarari
754 1889 858 1962 posse
881 1867 1042 1949 videtur,
1063 1866 1236 1962 siquidem
1256 1868 1333 1938 ani·

219 1979 484 2051 madvertantnr
510 1980 629 2074 plures
653 1981 815 2074 antiquae
840 1982 1007 2074 imagines
1025 1982 1228 2074 praesertim
1254 2003 1333 2052 cae·

219 2095 415 2166 meteriales
435 2117 527 2190 quae
552 2095 737 2168 demortua
764 2115 912 2191 corpora
935 2093 1101 2166 exhibent
1118 2091 1174 2166 vel
1194 2097 1230 2166 in
1252 2117 1333 2189 spe·

221 2211 345 2282 luncae
365 2211 487 2296 intima
506 2224 622 2305 parte,
644 2212 693 2282 uti
715 2212 833 2282 Lazari
856 2209 1021 2305 cadaver.
1044 2209 1095 2280 vel
1123 2211 1160 2280 in
1182 2221 1333 2282 reserata

221 2348 342 2420 capsa:
362 2319 631 2398 deiuncti‘enim
652 2347 781 2420 corpus
804 2325 851 2396 ita
875 2324 985 2397 linteo
1005 2349 1065 2397 seu
1086 2325 1195 2397 Pallio
1209 2323 1334 2418 advol-

220 2441 314 2512 vitu'r
345 2455 385 2513 ut
413 2439 501 2513 albis
534 2439 747 2536 quibusdam
774 2439 886 2513 fasciis
918 2441 1111 2512 circulatim
1142 2439 1188 2512 ad
1220 2441 1334 2534 spirae

221 2557 368 2630 modum
392 2556 551 2628 deductis
575 2554 826 2642 circumdetur.
855 2553 1017 2628 Profecto
1042 2555 1138 2628 haud
1162 2556 1334 2650 inoppor-

220 2687 304 2746 tune
328 2697 369 2745 ea
389 2673 488 2768 pallii
514 2670 628 2744 forma
653 2671 797 2767 corpori
819 2669 980 2765 apposita
1001 2671 1215 2767 respondere
1234 2669 1333 2742 vide·

220 2803 280 2862 tur
306 2792 341 2860 S.
366 2788 466 2861 Pallii
491 2800 601 2883 typo.
630 2809 694 2866 nec
727 2807 800 2856 non
828 2785 1001 2858 locutioni·
1029 2786 1082 2857 illi
1112 2787 1157 2856 de
1188 2809 1333 2906 corpore

219 2908 258 2980 S.
286 2903 398 2976 Petri.
