3402 5222
202 513 334 580 autem
360 497 607 608 potissimum
632 492 900 576 commendari
923 517 968 575 ac
997 489 1187 575 declarari
1219 515 1316 573 con-

124 699 126 702 .
202 640 417 705 sueverunt
434 621 511 704 hac
528 620 572 702 in
589 647 649 720 re,
662 645 767 730 quae
785 615 838 700 ad
851 617 940 728 pios
959 615 1210 728 moralesquo
1227 643 1316 700 sen·

202 784 270 837 sus
295 753 491 836 fovendos
512 754 634 863 magis
658 769 890 862 opportuna
926 749 1170 834 viderentur.
1203 750 1316 834 Atta·

203 915 294 968 men
320 883 546 996 disquisitio
574 885 673 968 haec
700 881 752 966 ad
780 884 1053 996 antiquitatem
1083 899 1129 964 ut
1152 911 1226 994 par
1257 899 1317 965 est

202 1019 468 1116 convertitur,
501 1045 549 1100 ao
586 1033 774 1130 statutam
805 1014 1026 1128 Apostolici
1055 1015 1166 1100 Pallii
1196 1015 1316 1125 origi·

202 1181 294 1233 nem
320 1169 499 1234 veterum
526 1151 765 1261 scriptorum
792 1150 1027 1234 testimoniis
1055 1165 1097 1234 et
1123 1149 1317 1258 liturgicis

202 1286 341 1368 usibus
369 1286 637 1394 consignatam
666 1286 832 1368 evincet.
864 1283 969 1366 Hinc
1000 1274 1313 1395 specie'potius‚

202 1447 323 1528 quam
349 1446 416 1520 rc,
438 1445 565 1520 nora,
594 1419 693 1500 hacc
711 1417 823 1500 Pallii
845 1418 958 1500 notio
980 1415 1120 1500 haberi
1144 1417 1312 1527 poterit:

201 1579 293 1632 cum
311 1580 358 1634 ea
374 1553 518 1660 iugiter
535 1568 686 1634 servata
713 1551 854 1649 fiacrit,
882 1551 974 1634 licet
995 1551 1050 1633 ob
1072 1551 1316 1632 immutatam

202 1685 427 1766 indumenti
453 1683 643 1784 formam,
671 1701 713 1798 et
738 1712 885 1766 usuum
914 1684 1166 1784 varietatem,
1190 1683 1243 1766 ab
1268 1709 1314 1766 ea

201 1816 368 1898 forsitan
388 1817 653 1900 retraheretur
670 1817 853 1900 attentio.

281 1952 466 2032 Ceterum
485 1977 590 2060 quae
611 1951 800 2032 asseritur
826 1949 939 2030 Pallii
962 1948 1180 2058 Apostolici
1200 1948 1315 2058 origo

202 2083 304 2164 sacri
336 2083 456 2164 huius
498 2079 720 2164 indumenti
759 2081 1014 2166 excellentiae
1046 2109 1094 2162 ac
1131 2080 1315 2190 dignitati

202 2215 435 2298 adamussim
455 2213 713 2326 respondere,
735 2243 782 2296 ac
798 2243 873 2326 per
898 2215 1005 2298 illam
1022 2216 1191 2296 Romani
1210 2217 1315 2298 Pon·

202 2348 316 2430 tificis
333 2349 511 2430 maiestas
532 2366 653 2458 atque
675 2367 838 2431 externa
855 2349 978 2430 veluti
1007 2347 1179 2458 dignitas
1197 2377 1314 2430 vene·

202 2481 388 2581 rabilior,
418 2481 450 2562 si
477 2481 532 2562 ita
555 2481 667 2592 loqui
699 2483 758 2564 fas
783 2500 866 2582 est,
896 2481 980 2564 ficri
1008 2481 1192 2564 videtur:
1223 2511 1314 2592 per·

202 2631 355 2723 gratum
368 2613 538 2725 proinde
552 2615 641 2711 erit,
657 2614 855 2724 siquidem
871 2615 965 2698 haec
978 2615 1220 2726 probentur,
1237 2617 1314 2697 hoc

202 2747 493 2856 qualecumque
524 2747 704 2857 obsequii
737 2749 894 2858 signum
919 2775 1014 2856 erga
1047 2750 1313 2859 Apostolicam

201 2878 342 2961 sedem
367 2881 593 2963 exhibuisse

651 3479 864 3696 cleis
