3402 5222
704 365 858 422 ..5.-

228 494 308 563 tos.
341 489 422 564 109.
448 493 567 588 priori
588 491 668 562 ioco
692 503 771 585 post
799 489 1066 585 Lugdunensem
1093 489 1336 588 Arcbiepisco-

221 629 307 703 pum
334 606 448 679 eidem
470 601 663 702 assignato,
682 617 718 677 et
743 605 824 678 data
842 618 1011 701 potestate
1039 605 1185 678 vocandi
1204 606 1249 680 ad
1271 609 1336 702 Sy·

222 722 371 793 nodum.
393 722 541 816 Insuper
554 719 734 792 Desiderio
751 721 835 792 item
849 719 979 792 Galliae
997 719 1172 816 Episcopo
1192 719 1332 793 tib.x1.

222 861 280 934 ep·
295 839 563 1023 Pirb2britannia
592 971 611 1021 a
640 951 808 1043 Gregorio
837 915 1052 1045 Augustinus
1080 950 1336 1024 Cantuariensis

223 1066 513 1161 Archiepiscopus
537 1063 685 1137 Pallium
701 1077 753 1136 est
772 1077 968 1144 assecutus,
990 1064 1165 1159 simulque
1189 1065 1335 1137 faculta-

221 1174 293 1252 tem
317 1179 550 1254 constituendi
576 1202 640 1275 per
665 1181 763 1252 iilam
788 1182 968 1275 regionem
1001 1179 1089 1251 alios
1119 1182 1332 1276 Episcopos:

220 1295 431 1368 londinensi
448 1297 532 1368 item
551 1297 702 1368 Antistiti
722 1297 869 1368 Pallium
885 1297 1074 1390 Gregorius
1091 1294 1235 1368 tribuit:
1250 1318 1333 1391 pro·

220 1413 328 1482 mittit
351 1433 437 1483 vero
461 1410 582 1504 quod,
609 1423 736 1483 statuta
761 1411 870 1482 altera
895 1411 1082 1506 Metropoli
1114 1410 1210 1507 apud
1240 1411 1335 1484 Ebo-

119 1573 125 1585 =
222 1547 359 1608 recum,
379 1539 415 1597 et
437 1523 491 1596 itti
516 1525 789 1622 Archiepiscopo
813 1525 962 1598 Paiiium
994 1527 1038 1598 sit
1069 1524 1334 1599 concedendum

221 1638 287 1712 lib.
303 1642 364 1711 xi.
380 1663 438 1736 ep.
456 1642 515 1712 65.

224 1803 227 1812 ,
293 1755 349 1827 Ad
374 1739 569 1828 lobabnem
587 1757 794 1828 iustinianae
815 1756 949 1851 primae
974 1755 1185 1854 Episcopum
1202 1757 1335 1852 Grego-

222 1873 295 1943 rius
318 1867 474 1943 scribens
489 1869 553 1941 tib.
570 1871 614 1940 li.
630 1894 689 1967 ep.
705 1857 766 1941 2‘3.
794 1871 973 1944 «Paiiium
991 1895 1033 1944 ex
1052 1894 1152 1944 more
1169 1873 1334 1944 transmi-

225 1987 378 2058 u'simns
408 1998 444 2058 et
471 1987 565 2057 vices
600 2009 665 2058 vos
694 1986 917 2081 spostolicae
947 1985 1045 2058 Sedis
1075 2009 1179 2082 agere
1208 1988 1332 2060 iterata

224 2117 242 2170 's
268 2093 494 2174 innovatione
518 2101 785 2173 decernimus.»

294 2217 467 2289 iohannes
487 2217 570 2288 item
595 2216 857 2288 Corinthiorum
882 2219 1104 2314 Metropolim
1127 2219 1335 2312 aGregorio

221 2333 348 2427 Magno
360 2333 483 2428 accipit
496 2331 644 2403 Pallium
660 2359 677 2398 u
694 2333 799 2404 Sicuti
822 2332 1107 2428 praedecessores
1132 2335 1235 2404 vestri
1255 2334 1332 2416 usi,

226 2475 244 2515 u
272 2445 545 2522 concedentibus
558 2445 885 2544 praedecessoribus
898 2449 1039 2531 nostris,
1052 2446 1332 2544 approbantur.»

222 2559 286 2632 tib.
301 2563 343 2633 V.
358 2583 416 2658 ep.
439 2565 498 2632 57.

97 2765 100 2769 Ι
296 2679 344 2747 De
363 2675 503 2748 Andrea
528 2678 773 2774 Nicopolitano
802 2679 965 2751 Antistite
993 2678 1038 2749 ad
1070 2679 1166 2774 Epiri
1192 2681 1335 2774 Episco-

222 2810 287 2887 pos
302 2793 388 2865 baec
405 2794 593 2887 Gregorius
612 2792 730 2866 habet.
760 2795 1035 2889 «Suprascripto
1059 2793 1221 2866 Andreae
1235 2793 1334 2867 fratri

192 2997 198 3010 ·
225 2935 242 2973 u
270 2920 304 2978 et
325 2908 532 3003 coepiscopo
551 2921 674 2979 nostro
687 2907 834 2980 Pallium
853 2931 917 2980 nos
930 2909 1096 2981 direxisse
1110 2911 1332 3004 cognoscite,

224 3049 242 3088 υ
270 3035 374 3117 atquc
394 3022 575 3117 privilegia
590 3035 713 3094 cuncta
731 3025 953 3106 concessisse,
969 3047 1060 3118 quae
1083 3024 1334 3120 praedecesso-

225 3164 242 3204 u
270 3149 326 3208 res
350 3139 462 3209 nostri
491 3138 566 3209 eius
593 3136 926 3234 praedecessoribus
944 3139 1183 3212 coutulerunt.
1213 3143 1253 3212 L.
1272 3142 1331 3212 Vi.

226 3280 253 3319 u
272 3275 329 3347 ep.
348 3253 419 3323 8.»
742 3337 752 3349 ·

294 3359 375 3438 Post
395 3369 603 3462 Gregorium
627 3367 881 3464 frequentiores
907 3370 943 3440 in
970 3369 1045 3440 dies
1070 3367 1211 3441 fuerunt
1230 3368 1330 3443 Pallii

221 3481 413 3576 Apostolici
437 3482 622 3577 petitiones
644 3495 680 3554 et
707 3484 966 3565 concessiones,
990 3505 1050 3554 seu
1080 3485 1197 3577 potius
1219 3482 1333 3555 docu-

220 3608 338 3667 menta
363 3599 556 3668 accuratius
579 3611 727 3670 servata.
748 3597 982 3670 Celeberrima
1011 3599 1215 3694 praesertim
1241 3622 1333 3695 quae

222 3733 242 3781 a
269 3713 370 3808 Greg.
393 3713 452 3782 lli.
484 3711 572 3784 facta
598 3726 648 3783 est
677 3714 714 3782 in
739 3711 895 3784 favorem
922 3711 1089 3783 Bonifacii
1114 3713 1329 3807 Mogontini:

224 3851 243 3892 c
270 3827 362 3898 Hinc
385 3827 467 3898 iure
495 3825 559 3897 tibi
584 3828 671 3897 sacri
704 3825 803 3898 Pallii
830 3827 1021 3898 direximus
1049 3849 1200 3911 munus,
1232 3827 1333 3923 quod

225 3965 243 4006 e
270 3940 309 4010 B.
335 3941 424 4012 Petri
442 3933 646 4013 auctoritate
673 3942 862 4037 suscipiens
885 3940 1044 4013 induaris
1134 3943 1185 4012 Ex
1208 3943 1331 4038 vigore
1427 3973 1441 3998 ›

225 4082 242 4122 u
270 4057 490 4151 Apostolicae
519 4057 616 4128 Sedis
640 4054 769 4128 debeas
801 4055 976 4128 ordinare.
996 4058 1229 4153 Episcopos»
1258 4070 1327 4130 etc.

221 4169 332 4266 Epist.
360 4174 395 4244 8.
842 4169 845 4176 “
1095 4183 1103 4200 ’

295 4286 452 4360 Ganones
482 4289 586 4360 etiam
615 4287 746 4382 vulgati
777 4301 815 4360 ut
847 4288 1108 4384 Archiepiscopi
1137 4290 1331 4384 generatim
