3402 5222
878 373 1060 436 432..

414 505 520 576 tentia
558 504 610 574 in„
626 501 701 576 dies
732 515 942 596 augeretur,
963 503 1007 575 ad
1040 505 1212 598 lgnatium
1236 505 1532 601 Constantinopo-

415 617 561 690 litanum
594 616 827 696 Patriarelram
860 616 1015 690 delatum
1046 630 1122 690 est:
1153 618 1358 690 Antiochiae
1388 617 1532 690 forsitan

414 732 563 806 Pallium
597 733 947 804 commemorativum
974 745 1049 804 erat
1078 733 1113 804 S.
1149 734 1254 814 Petri,
1283 746 1436 804 attamen
1464 735 1534 804 alio

415 869 560 942 prorsus
587 845 653 918 sub
681 859 837 942 respectu
861 869 900 916 ac
926 847 1310 920 Romanum'Pallium.
1341 849 1432 919 Hine
1449 871 1535 942 pas·

415 963 480 1034 sim
513 962 660 1034 Pallium
694 961 845 1033 Orientis
875 963 1037 1058 Episcopi
1064 960 1288 1043 hahuerunt,
1322 977 1358 1034 et
1384 963 1534 1034 Pallium

415 1077 559 1172 quidem
586 1099 627 1148 ex
653 1079 731 1172 ipso
757 1077 857 1148 altari
882 1099 922 1148 ao
951 1077 1059 1148 veluti
1074 1101 1122 1148 er
1155 1077 1383 1150 fundatorum
1417 1079 1536 1174 sepul-

416 1193 503 1264 chro
526 1190 754 1288 accipiebant.
775 1193 922 1264 Romani
939 1215 1024 1264 vero
1037 1191 1224 1266 Pontifices
1241 1195 1479 1290 permiserunt
1498 1205 1536 1265 nt

416 1287 535 1382 Graeci
551 1331 687 1380 morem
701 1306 796 1378 hunc
807 1319 1001 1380 servarent.
1016 1308 1160 1382 Utinam
1179 1307 1454 1404 Apostolicitatis
1470 1331 1537 1380 no-

417 1437 489 1494 tam
512 1446 617 1518 quam
645 1420 767 1494 habitu
793 1421 1010 1517 praeferunt,
1030 1424 1158 1518 reipsa
1178 1446 1302 1504 omncs
1321 1425 1536 1496 servassent!

488 1538 575 1610 Cum
590 1560 674 1608 vero
689 1561 758 1612 nou
773 1537 898 1609 eadem
912 1537 947 1606 in
962 1537 1076 1631 specie
1090 1536 1188 1607 Pallii
1202 1539 1300 1608 notio
1318 1538 1356 1608 in
1377 1541 1538 1610 Romano

417 1666 452 1724 et
478 1655 514 1723 in
540 1653 700 1724 orientali
723 1653 832 1724 Pallio
857 1653 1109 1732 contineretur,
1126 1653 1316 1746 Gregorius
1336 1655 1383 1724 M.
1404 1651 1538 1724 'auctor

417 1769 491 1864 ipse
506 1767 571 1838 luit
591 1780 628 1838 ut
645 1769 845 1838 Anastasius
858 1765 1097 1864 Antiochenus
1115 1769 1247 1838 Rornae
1264 1769 1370 1844 etiarn
1389 1792 1471 1840 cum
1485 1791 1539 1840 sa-

420 1885 487 1954 cris
502 1881 681 1954 solemniis
705 1881 883 1954 Pontiliols
909 1880 1045 1956 adesset
1070 1904 1172 1954 suum
1198 1895 1335 1976 gereret
1362 1883 1536 1954 Pallium:

419 1994 516 2093 qnod
531 1999 659 2092 pariter
670 2011 704 2068 et
718 1999 754 2070 in
767 2010 948 2094 posterum
960 2010 1149 2088 servatum,
1164 1997 1301 2070 adeout
1311 1997 1420 2069 modo
1432 2000 1541 2071 etiam

419 2113 613 2185 Orientales
625 2115 803 2184 Antistites
815 2115 945 2184 Romae
957 2111 1245 2195 sacralacientcs,
1260 2111 1317 2198 ¹vel
1331 2113 1438 2184 etiam
1447 2116 1541 2186 Pon·
1592 2207 1595 2214 A

421 2225 505 2300 tilici
519 2226 687 2300 solemnia
713 2215 892 2324 peragenti
906 2228 1083 2322 adstantes
1097 2250 1200 2300 suum
1214 2227 1362 2298 Pallium
1378 2243 1537 2310 servent,

421 2343 569 2415 aliorum
583 2344 835 2440 Apostolorum
848 2344 903 2414 vel
917 2343 1204 2439 Apostolicorum
1216 2325 1377 2414 uirorum
1387 2367 1540 2416 comme-

422 2459 646 2531 morativum.
675 2459 748 2530 lllis
780 2481 865 2531 vero
882 2460 943 2554 qui
963 2458 1189 2531 Pontificium
1203 2459 1356 2531 Pallium
1379 2457 1542 2531 obtinent

423 2573 517 2646 haud
545 2575 581 2644 id
604 2574 822 2647 conceditur.
956 2585 958 2592 ’

495 2692 655 2762 Attamen
669 2704 708 2762 ut
720 2692 837 2762 unitas
852 2703 888 2762 et
900 2687 1072 2762 subiectio
1086 2691 1132 2762 ad
1145 2691 1337 2762 Romanam
1351 2690 1542 2762 Ecclesiam

423 2805 644 2886 consisteret,
674 2829 714 2876 ac
740 2817 875 2901 pateret
898 2807 1007 2876 totius
1043 2805 1301 2878 Ecclesiasticae
1326 2807 1543 2877 auctoritatis

423 2923 563 2992 Petrum
588 2943 661 2992 esse
686 2919 953 2992 fundamentum
976 2943 1016 2992 ac
1040 2921 1231 3014 originem,
1249 2919 1398 2991 Pallium
1424 2923 1542 3016 ipsum

423 3038 457 3106 S.
478 3037 592 3117 Petri,
612 3034 710 3128 quod
737 3057 819 3106 vere
840 3034 1090 3106 iurisdictionis
1116 3034 1263 3104 Pallium
1283 3049 1348 3117 est,
1381 3059 1542 3130 praescr-

424 3152 486 3221 tim
511 3147 716 3222 l‘atriarchis
740 3152 776 3220 in
798 3148 1064 3222 confirmatione
1079 3149 1294 3222 tradebatur.
1311 3150 1421 3246 quue
1441 3174 1544 3222 accu-

309 3295 311 3306 ⁴
422 3267 531 3338 ratius
552 3266 657 3348 etiam
676 3267 843 3360 praestari
871 3265 1062 3342 voluerunt
1087 3278 1166 3362 post
1191 3266 1312 3336 iterata
1336 3265 1540 3348 schismata,

423 3403 504 3452 cunr
516 3380 622 3451 iidem
635 3382 671 3450 in
694 3379 790 3450 Sedis
802 3379 1026 3476 Apostolieae
1041 3382 1174 3458 reversi
1187 3393 1269 3450 sunt
1289 3381 1475 3462 unionem,
1492 3383 1544 3450 ni-

424 3498 551 3566 mirum
574 3493 619 3565 ad
640 3483 752 3589 ipsam
767 3497 934 3568 unionem
960 3493 1195 3576 firmandam,
1210 3494 1440 3565 avertendum
1461 3497 1544 3565 novi

424 3609 616 3684 sclu‘smatis
640 3609 857 3706 periculum,
883 3611 919 3679 in
945 3612 1173 3704 perspicuum
1198 3611 1334 3702 signum
1356 3607 1544 3680 subiectio-

426 3725 480 3794 nis
511 3724 555 3794 ad
580 3725 720 3794 Petrum
745 3725 887 3820 eiusque
912 3741 1147 3796 successorem
1170 3713 1212 3794 R.
1233 3725 1297 3804 P..
1331 3725 1545 3794 auctoritatis

425 3838 571 3910 traditae
596 3837 902 3932 significationem,
916 3863 964 3911 ac
988 3841 1164 3910 missionis
1194 3849 1354 3932 acceptae
1381 3835 1545 3908 firmandi

424 3954 592 4024 nimirum
613 3955 650 4024 in
673 3953 864 4028 catholicae
880 3955 979 4028 Fidei
1007 3953 1226 4050 professione
1253 3976 1333 4024 suas
1353 3955 1546 4047 respective

426 4068 596 4139 nationes.
623 4067 727 4153 Quod
751 4069 856 4166 etiam
886 4071 1091 4170 praestitum
1118 4081 1171 4139 est
1200 4091 1281 4144 curn
1301 4089 1413 4138 novae
1441 4068 1547 4140 Sedes

427 4177 472 4252 ab
501 4182 585 4278 ipsis
611 4185 682 4255 llll.
715 4185 777 4253 PP.
810 4184 1133 4279 Archiepiscopales
1166 4207 1227 4256 seu
1257 4182 1473 4254 Primatiales
1502 4181 1547 4252 de

315 4389 319 4404 ι
427 4319 522 4372 novo
537 4299 842 4382 constituerentur,
858 4295 906 4370 ob
929 4299 1169 4400 omnimodam
1192 4311 1226 4370 et
1243 4298 1480 4371 immediatam
1502 4297 1547 4368 il-
