3402 5222
661 417 703 428 -
728 385 769 448 25
792 415 836 430 ...

589 569 813 638 iuncosus
835 570 908 636 Vll.

410 759 518 836 Cytt'llt'
540 756 806 837 Hierosolpmitnnt'
828 773 868 818 erc
886 755 1076 820 Theodorelo.
1208 805 1213 814 .

258 958 369 1032 Obiici
390 960 537 1032 ulterius
557 973 674 1054 posset
699 960 797 1055 quod
811 959 917 1032 habet
942 959 1184 1031 Theodoretus
1208 961 1298 1032 llist.

184 1073 277 1146 Encl.
293 1073 357 1145 lib.
378 1075 423 1144 ll.
440 1097 518 1167 cap.
535 1077 596 1144 st.
625 1075 790 1145 Acacium
815 1095 1010 1146 accusasses
1029 1067 1202 1166 cyrillum
1214 1073 1304 1144 llic-

184 1188 478 1284 rosolyrnitanum
510 1189 646 1283 «quod
668 1179 753 1292 itpo'u
770 1177 912 1262 *nonis
933 1211 1040 1286 quam
1058 1189 1304 1260 Constantinus
1344 1211 1348 1224 ¹

188 1333 206 1374 ι
236 1306 280 1378 ad
311 1304 552 1378 exornandam
579 1304 909 1398 Hierosolymorum
936 1304 1124 1378 Ecclesiam
1153 1306 1303 1378 ldacerio

189 1447 206 1486 n
234 1421 308 1492 eius
339 1419 408 1492 loci
433 1421 608 1514 Episcopo
630 1417 823 1492 donaverat
848 1432 887 1490 ut
910 1439 951 1490 ea
970 1418 1115 1490 indutus
1132 1420 1303 1514 Baptismi

188 1562 206 1601 »
234 1536 465 1606 ministerium
494 1547 699 1629 perageret,
730 1555 821 1628 quae
847 1534 953 1606 vestis
976 1536 1090 1605 sumis
1122 1531 1191 1606 iilis
1218 1555 1304 1606 con·

187 1660 458 1730 sterneret,
488 1639 647 1744 Gytillus'
668 1646 912 1720 vendiderit.»
949 1645 1066 1720 Vidcri
1107 1669 1211 1742 posse
1250 1649 1304 1718 ni·

184 1762 315 1836 mirum
342 1763 515 1858 Episcopo
542 1761 861 1856 Hierosolymitano
877 1762 1142 1834 Constantinum
1165 1760 1303 1834 dedisse

184 1875 346 1948 Pallium.
648 1943 650 1948 ,

259 1993 504 2064 Praetermitto
519 1992 664 2064 Pallium
684 2014 748 2086 per
765 1989 963 2064 Occidentis
975 1991 1215 2088 Metropolitas
1228 2003 1303 2062 tau-

185 2117 262 2176 tum
285 2129 353 2200 pro
367 2107 492 2180 ,Missae
511 2103 748 2178 celebratione
767 2103 987 2186 adhibitum,
1003 2107 1041 2176 in
1056 2107 1201 2176 Oriente
1218 2127 1304 2176 vero

185 2219 310 2292 saltem
329 2243 521 2314 numquam
546 2218 707 2290 habitum
732 2221 783 2290 uti
801 2219 1047 2291 indumentum
1065 2218 1110 2291 ad
1128 2220 1303 2314 Baptisma

186 2333 453 2406 conferendum.
470 2337 558 2406 ltem
585 2333 733 2432 Pallium
760 2332 806 2404 ab
831 2333 1070 2407 Orientalibus
1087 2333 1182 2405 baud
1212 2333 1304 2406 desi-
1344 2421 1347 2424 Ι

186 2451 287 2542 gnari
300 2471 365 2544 per
379 2440 464 2551 ἱερὰν
487 2438 628 2532 στολὴν,
644 2471 727 2543 qun,
747 2443 987 2545 potius'vestis
1004 2449 1304 2522 minussolemnis

178 2564 335 2642 viudicari
359 2564 525 2645 ridetur;
553 2565 703 2636 demum.
721 2565 819 2660 quod
846 2567 995 2638 Pallium
1015 2579 1089 2638 erat
1113 2564 1183 2638 albi
1206 2565 1304 2638 colo-

187 2682 254 2762 ris,
278 2691 382 2774 atque
401 2703 444 2752 ex
464 2680 601 2752 lsidorn
625 2680 814 2763 Pelusiota,
830 2705 920 2754 saec.
938 2683 973 2754 5.
994 2683 1113 2766 initio,
1135 2705 1178 2754 ex
1203 2683 1302 2764 lana,

187 2795 279 2867 stola
292 2818 379 2867 vero
397 2795 456 2866 illa
468 2819 588 2868 aurea.
610 2798 673 2866 His
689 2797 845 2881 omissis,
865 2797 967 2870 facile
986 2799 1135 2892 quisque
1152 2797 1248 2868 videt
1261 2820 1305 2868 ex

186 2907 408 2980 Theodoreto
435 2909 711 2982 Constantinum¹
726 2909 822 2982 baud
839 2911 1017 2982 induxisse
1043 2934 1175 2984 novum
1200 2914 1306 2984 indu-

187 3035 362 3105 mentum,
385 3022 448 3094 sed
467 3025 655 3118 pretiosam
673 3037 805 3095 restem
826 3021 919 3096 iuxta
937 3023 1088 3111 formam
1113 3017 1303 3120 receptam,

188 3138 331 3230 quaevis
344 3159 385 3208 ea
407 3137 526 3221 fuerit,
540 3138 640 3211 douo
652 3139 837 3235 elargitum
862 3139 984 3210 fuisse:
1004 3141 1305 3233 quemadmodum

188 3253 213 3321 ii
231 3254 293 3346 qui
319 3275 432 3324 sacras
445 3266 557 3325 vestes
570 3253 724 3328 ecclesiis
736 3254 791 3326 vel
810 3253 1031 3326 Praesulibus
1054 3255 1211 3328 offerunt
1232 3279 1305 3326 non

183 3379 350 3438 «auctores
374 3367 530 3451 illarum,
558 3369 614 3440 vel
638 3371 724 3441 iuris
748 3369 930 3443 deferendi
954 3371 1029 3442 eius
1048 3372 1185 3464 generis
1201 3370 1305 3442 indu-

191 3494 333 3566 menta,
361 3481 549 3556 habentur.

607 3764 782 3844 CAPUT
810 3765 878 3843 IV.

320 3998 424 4046 PAlel
440 3997 540 4048 OlllGO
554 3997 619 4048 llOll
634 3998 677 4047 EX
693 3999 801 4048 EPHOD
816 3997 950 4048 veronis
965 3999 1173 4048 TESTAMENTI.

262 4174 478 4261 Quibusdam
506 4177 636 4272 placuit
649 4177 797 4249 Pallium
810 4177 986 4250 deducere
998 4202 1041 4261 ex
1052 4177 1192 4274 Ephod,
1208 4178 1315 4272 quod.
1355 4224 1357 4230 .

189 4314 348 4364 summus
383 4285 625 4366 Hebraeorum
656 4293 818 4394 sacerdos
850 4290 1026 4388 gestabat:
1055 4307 1090 4366 at
1117 4295 1307 4388 quominus
