3402 5222
698 393 874 460 ..57-

233 525 302 596 lius
314 522 420 620 longe
437 522 483 596 ad
497 521 646 620 pallium
661 522 815 600 accedat.
830 521 993 596 l’roleoto
1005 521 1092 596 bueo
1109 523 1352 602 demonstrant

233 663 359 712 verum
377 639 524 735 pallium
542 638 632 712 illud
649 661 736 720 esse,
750 636 926 733 siquidem
943 637 1044 712 alteri
1061 650 1155 712 certe
1171 641 1281 737 pallio
1293 643 1351 716 de-

233 757 442 830 trimentum
462 756 614 834 nominis
635 753 772 836 intulit;
793 751 1032 826 excellentiori
1050 754 1167 850 aliqua
1183 757 1229 830 de
1248 781 1350 834 causa

233 868 325 946 illud
349 871 442 966 geri,
469 891 541 942 non
563 869 654 942 adeo
682 868 729 942 ad
759 889 862 942 usum
886 891 993 964 quam
1014 869 1052 942 in
1075 869 1219 944 alterins
1244 871 1350 944 obse-

234 987 377 1081 quium:
398 1007 479 1058 cum
494 1007 581 1059 vero
597 985 643 1058 de
659 987 820 1058 Romano
838 996 961 1080 agatur
974 983 1153 1070 Pontifice‚
1168 1009 1299 1082 quaeso
1312 989 1349 1060 in

232 1101 332 1174 cuins
349 1098 575 1202 obsequium,
590 1101 657 1174 uisi
671 1101 778 1186 Petri,
792 1098 996 1178 huiusmodi
1013 1099 1144 1178 delatio
1161 1104 1349 1200 excogitari

234 1216 377 1320 potest?

643 1472 866 1542 tnttcttbtts
886 1473 927 1542 X.
966 1477 969 1486 “

405 1671 459 1734 En
479 1674 619 1734 antonna
640 1673 807 1734 oeconomia
828 1673 861 1734 in
883 1670 982 1734 Patttt
1004 1669 1174 1736 traditona.

303 1905 410 1982 Aliud
435 1908 632 2002 argumenti
653 1930 768 2004 genus·
784 1905 917 1980 accedit
940 1929 983 1980 ex
1007 1905 1211 2006 disciplina,
1237 1931 1346 2006 quam

231 2023 434 2121 Apostolica
459 2023 566 2096 Sedes
589 2022 708 2118 quoad
731 2021 880 2102 Pallium
912 2021 1133 2096 Pontificium
1158 2047 1222 2121 per
1246 2027 1348 2099 Occi·

230 2139 375 2212 dentem
399 2150 504 2236 atque
532 2139 712 2210 Orientem
743 2138 913 2220 servavit,
948 2139 1049 2211 cuins
1072 2139 1164 2211 ratio
1188 2142 1347 2236 apprime

231 2243 450 2352 perspicitur
463 2265 500 2326 et
522 2252 757 2348 undequaque
784 2252 992 2348 intelligitur
1020 2277 1063 2326 ex
1088 2253 1215 2326 tradita
1240 2257 1348 2352 ipsius

230 2370 329 2444 Pallii
357 2370 512 2441 notione.
544 2367 775 2464 Metropolitis
805 2379 840 2439 et
867 2369 970 2440 etiam
996 2369 1175 2465 Episcopis
1198 2368 1347 2444 Pallium

230 2485 382 2560 dabatur
409 2486 537 2581 passim
565 2484 604 2561 in
633 2484 773 2580 signum
797 2484 976 2556 Vicarialis
1007 2487 1208 2580 potestatis,
1239 2508 1346 2581 quam

229 2602 451 2698 Apostolicae
466 2600 564 2673 Sedis
579 2601 722 2672 nomine
738 2596 947 2672 exercebant
959 2612 999 2672 ut
1012 2623 1055 2674 cx
1068 2601 1274 2674 testimoniis
1285 2601 1347 2676 ad·

229 2717 344 2790 ductis
360 2727 508 2790 constat.
519 2715 663 2811 vigilius
682 2715 831 2788 Pallium
848 2714 1008 2788 concedit
1020 2715 1181 2790 Auxanio
1196 2719 1345 2814 ungenti

234 2857 252 2899 s
279 2832 371 2904 vices
387 2841 556 2904 nostras»
577 2829 735 2925 Pelagius
748 2830 778 2902 l.
795 2827 846 2902 ad
868 2828 1070 2925 Sapaudum
1087 2830 1342 2906 Arelatensem.

234 2976 252 3013 ι
269 2948 315 3020 Ut
335 2946 427 3019 sedis
450 2957 590 3019 nostrae
607 2946 764 3020 vicarius
780 2946 961 3018 institutus
977 2942 1030 3017 ad
1046 2945 1165 3020 instar
1181 2963 1345 3030 nostrum

234 3061 316 3132 nin
344 3059 534 3133 Galliarum
558 3059 718 3156 partibus
749 3059 854 3155 primi
885 3059 1076 3134 sacerdotis
1106 3059 1225 3133 locum
1250 3058 1344 3133 obti-

234 3203 252 3244 »
279 3199 408 3248 neas.»
435 3173 614 3270 nouitque
644 3171 834 3248 recolenda
858 3197 941 3248 sano
967 3173 1076 3248 verba
1113 3188 1186 3248 cut
1210 3173 1344 3252 stabilis

233 3289 373 3362 »illius
401 3301 522 3388 petrae
551 3289 763 3384 sempiterna
794 3287 972 3372 soliditas,
1004 3311 1111 3383 supra
1139 3311 1247 3383 quam
1270 3291 1343 3363 Do-

233 3433 251 3474 »
277 3406 395 3478 minus
420 3403 579 3476 Salvator
602 3417 724 3476 noster
748 3405 930 3500 propriam
955 3401 1115 3476 fundavit
1139 3403 1339 3489 Ecclesiam,

232 3547 251 3591 n
279 3544 299 3594 a
321 3521 405 3594 solis
428 3531 510 3592 ortu
534 3541 646 3613 usque
663 3518 709 3591 ad
725 3542 907 3603 occasum,
934 3519 1104 3616 primatus
1128 3520 1183 3591 sui
1207 3520 1342 3614 apicem

232 3657 518 3708 »successorum
548 3641 694 3707 snoruni
724 3635 946 3719 auctoritate,
979 3646 1051 3706 tam
1081 3655 1341 3729 pernequam

233 3777 250 3818 n
279 3773 342 3846 per
366 3750 519 3822 vicarios
548 3771 631 3828 suos
662 3746 812 3820 firmiter
839 3743 1027 3821 obtineret.
1055 3749 1111 3820 Sic
1135 3749 1341 3845 participatu
1426 3821 1428 3826 .

183 3917 186 3924 .
232 3893 251 3935 n
279 3864 500 3937 solicitudine
517 3878 671 3938 sanctam
691 3865 753 3936 Ilei
773 3863 1005 3937 universalem
1023 3863 1211 3936 Ecclesiam
1231 3865 1342 3936 nostri

233 4007 251 4053 n
279 4003 343 4076 per
367 3979 430 4050 Dei
454 3981 599 4074 gratiam
626 4001 747 4052 rexere
763 3980 960 4050 maiores.»
985 3979 1173 4073 Gregorius
1195 3977 1342 4050 Pallium

231 4095 275 4167 ad
300 4093 484 4190 Virgilium
508 4095 746 4167 Arelatensem
770 4096 912 4167 mittens
942 4095 1079 4166 «Vires
1108 4105 1274 4166 nostras»
1306 4095 1343 4165 in

230 4209 392 4283 Ecclesiis
418 4233 509 4306 quae
537 4207 604 4282 sub
629 4208 844 4282 childeberti
870 4233 982 4306 regno
1008 4222 1109 4282 erant
1131 4210 1340 4283 committit:

231 4327 398 4423 idemque
412 4327 457 4402 ad
473 4326 664 4402 lobannem
677 4326 884 4402 Iustinianae
898 4327 927 4400 l.
942 4325 1140 4400 Antistitem
1165 4323 1344 4401 «Pallinm
