3402 5222
658 361 835 424 ...61-

191 494 295 564 etiam
317 515 357 565 ac
381 493 586 588 praesertim
612 513 676 586 per
701 489 829 562 Gallias
847 487 996 560 Pallium
1014 486 1156 586 aliquod
1174 491 1211 560 in
1240 513 1305 562 usu

190 631 258 704 pro
289 607 522 703 Metropolitis
560 606 685 690 luisse,
704 605 803 700 quod
834 625 854 676 a
879 605 1044 676 Romanis
1079 602 1307 676 Pontificibus

190 723 287 795 baud
328 721 461 794 directe
500 724 710 793 mitteretur.
738 721 833 794 Licet
863 719 959 792 haud
983 719 1034 790 illi
1060 717 1303 802 subscribam,

191 838 311 909 luisset
335 835 426 910 illud
456 835 605 933 pallium
642 835 993 908 commemorativum
1018 833 1210 930 Apostolici
1233 835 1305 906 Vin'

190 954 252 1047 qui
292 952 492 1048 provinciae
526 951 620 1022 illius
643 953 778 1047 primus
804 948 1025 1046 praedicator
1055 950 1239 1033 extiterat,
1271 963 1307 1022 et

187 1059 317 1140 melius
342 1067 433 1140 lorte
460 1067 820 1140 commemorativum
835 1066 925 1136 Petri
956 1087 975 1136 a
998 1087 1073 1162 quo
1094 1063 1156 1136 ille
1181 1066 1307 1138 missus

191 1183 322 1254 luerat.
339 1184 551 1280 Opportuna
561 1181 753 1254 admodum
775 1179 831 1252 bic
850 1193 930 1253 sunt
948 1201 1038 1276 quae
1059 1179 1244 1252 retulimus
1261 1179 1307 1253 de

190 1300 349 1371 Materno
366 1298 560 1370 Trevirensi
576 1297 636 1394 qui
656 1298 819 1369 asseritur
829 1320 896 1390 per
909 1297 1055 1367 Petrum
1070 1294 1199 1366 missus
1214 1293 1308 1367 hac-

192 1412 384 1483 reditatem
401 1411 516 1484 Pallii
535 1412 610 1483 suis
634 1409 893 1483 successoribus
907 1410 1104 1506 reliquisse.
1121 1414 1213 1483 Num
1228 1411 1307 1510 pal·

191 1529 279 1599 lium
304 1528 450 1601 Materni
477 1549 521 1599 an
546 1528 664 1622 potius
682 1527 798 1610 Petri,
820 1549 839 1598 a
863 1547 937 1622 qno
960 1526 1048 1598 illud
1070 1529 1240 1626 accepisse
1260 1529 1308 1599 si·

190 1640 447 1736 gnificabatur,
475 1643 570 1716 baud
602 1655 710 1740 patet.
744 1645 906 1714 Attamen
942 1655 979 1713 ut
1009 1643 1133 1714 relatio
1163 1644 1226 1714 ista
1261 1643 1306 1715 ad

191 1759 333 1828 Petrum
357 1755 509 1828 vividius
531 1757 659 1851 iugiter
684 1769 903 1840 servaretur,
932 1781 977 1828 ue
1003 1779 1192 1854 progressu
1217 1768 1307 1828 tem·

191 1871 288 1966 poris
310 1869 492 1964 quidpiam
526 1867 622 1942 aliud
648 1871 685 1942 iu
708 1891 752 1942 eo
777 1868 887 1942 Pallio
914 1872 1191 1968 perspiceretur,
1221 1873 1306 1943 unio

191 2007 369 2058 varocum
383 1983 585 2080 Apostolica
598 1983 686 2058 Sede
700 1983 802 2058 firma
819 1987 1034 2068 consisteret;
1055 1984 1111 2058 vel
1125 1985 1307 2082 postulan-

191 2098 286 2172 tibus
299 2101 382 2196 ipsis
399 2097 655 2196 ldetmpolitis,
677 2099 733 2172 vel
751 2101 875 2172 iisdem
893 2103 1057 2172 Romanis
1079 2100 1307 2174 Pontificibus

192 2213 416 2297 curantibus,
443 2215 635 2308 generatim
659 2215 824 2296 invaluit,
854 2227 893 2285 nt
926 2237 998 2285 nou
1026 2213 1115 2286 adeo
1145 2215 1307 2310 discipuli

191 2347 298 2424 quam
311 2331 490 2409 mittentis,
507 2342 541 2400 et
555 2330 584 2400 si
602 2328 748 2424 quidem
761 2331 852 2401 Petri
871 2331 1039 2401 mittentis
1056 2327 1147 2400 illud
1161 2329 1307 2425 pallium

191 2457 293 2527 esset,
316 2467 389 2516 uon
412 2467 453 2516 ex
475 2445 637 2540 Episcopi
662 2444 816 2517 defuncti
835 2465 985 2540 corpore
1007 2444 1063 2516 vel
1081 2467 1122 2516 ex
1137 2444 1307 2516 Ecclesiae

192 2559 308 2642 altari,
335 2582 440 2655 quam
471 2583 514 2632 en
539 2563 616 2656 ipso
641 2561 732 2631 Petri
756 2561 865 2655 ipsius
890 2583 1040 2655 corpore
1063 2562 1189 2656 iugiter
1214 2560 1304 2632 illud

191 2688 400 2746 sumeretur.

593 2939 816 3007 sustentus
839 2941 896 3006 Xl.

432 3158 484 3219 Eu
500 3161 597 3237 praui
617 3161 697 3218 orco
719 3157 824 3220 Pollio
846 3157 1058 3220 Orientalium.
1104 3192 1106 3196 .

262 3367 385 3438 Omnia
404 3367 555 3462 pariter,
575 3369 640 3437 hac
664 3367 778 3462 posita
797 3368 980 3448 sententia,
994 3367 1061 3436 rite
1076 3365 1308 3439 conciliantur

190 3505 280 3575 quae
305 3494 463 3552 coustant
489 3480 533 3552 de
556 3482 651 3551 Pallii
677 3504 742 3552 usu
767 3481 886 3574 quoad
904 3473 1111 3553 Orientelcs.
1131 3482 1307 3552 Nimirum

190 3597 363 3691 plurimae
387 3597 537 3667 Orientis
562 3594 734 3667 Ecclesiae
749 3617 815 3691 per
840 3597 934 3691 ipsos
952 3565 1141 3692 Apostolos
1165 3595 1220 3667 vel
1247 3587 1308 3666 eo-

190 3733 270 3781 rum
291 3711 483 3805 discipulos
512 3714 722 3782 constitutae
748 3712 922 3782 fuerunt:
950 3711 1100 3808 proinde
1125 3711 1168 3782 ad
1184 3735 1308 3782 eorum

190 3825 412 3898 recolendam
438 3829 644 3910 memoriam
670 3825 922 3923 subsequentes
954 3827 1133 3898 Antistites
1161 3825 1308 3898 Pallium

190 3953 368 4034 gesserunt
396 3939 441 4012 ad
478 3941 576 4037 pallii
613 3941 805 4036 Apostolici
842 3941 991 4012 formam
1028 3941 1169 4014 simile:
1199 3941 1306 4021 hinc,

190 4057 224 4126 S.
250 4059 355 4129 Marci
379 4057 553 4138 Pallium,
582 4055 679 4152 quod
718 4055 972 4128 Alexandrinos
1010 4058 1189 4128 Antistites
1213 4079 1309 4127 sum-

189 4170 297 4264 psisse
335 4193 378 4242 cx
404 4169 567 4241 Liberato
592 4157 776 4242 uidimus:
818 4172 853 4241 S.
887 4169 1003 4243 laccbi
1038 4167 1186 4242 Pallium
1209 4170 1308 4266 quod

189 4307 229 4354 cx
268 4283 357 4357 urbe
388 4286 729 4380 Hierosolymitaua,
758 4307 838 4358 cum
866 4285 1200 4358 lllohamedanorum
1232 4307 1305 4379 po-
1389 4322 1395 4336 .
