3402 5222
663 408 841 470 ...37-

190 539 441 612 detractionem
465 540 619 610 evenisse
644 537 844 610 immediate
862 549 940 608 ante
959 535 1227 610 tumulationem
1241 536 1305 610 de·

191 654 300 725 iuncti
326 655 508 748 Episcopi.
530 652 618 724 adeo
646 666 703 733 ut,
724 653 865 747 expleto
891 651 1017 724 funere
1041 676 1105 748 per
1130 675 1307 724 successo-

192 792 286 849 rem,
315 769 343 838 is
371 767 565 838 detractum
593 791 633 836 ex
661 765 756 836 iilius
782 788 931 862 corpore
958 765 1106 836 Pallium
1133 768 1167 838 S.
1202 768 1306 838 Marci

193 895 395 954 assumeret.
417 884 577 954 Ceterum
595 904 676 952 cum
695 883 829 952 mentio
842 881 1088 953 tantummodo
1100 879 1210 953 ilatio
1224 884 1309 956 actis

193 999 283 1069 Petri
302 997 347 1068 de
368 996 511 1068 colobio
535 997 718 1092 (nimirum
745 995 879 1090 tunica)
906 1009 938 1066 et
964 996 1197 1091 omophorio,
1215 997 1309 1069 baud

193 1135 378 1184 renuerem
407 1134 594 1206 agnoscere
619 1114 655 1181 in
686 1135 729 1181 eo
766 1111 981 1206 omophorio
1017 1114 1202 1207 proprium
1227 1111 1310 1208 pal-

195 1227 351 1298 liumseu
362 1225 668 1320 casulamquibus
681 1227 1192 1321 indumentissepositoiams.
1204 1229 1308 1300 Marci

195 1342 329 1436 pallio,
366 1346 487 1418 Petrus
512 1341 770 1412 Alexandrinus
795 1340 951 1434 sepultus
976 1344 1033 1412 sit.

269 1459 353 1528 Acta
369 1459 442 1552 ipsa
461 1459 553 1528 Petri
568 1455 794 1526 Alexandrini
821 1457 926 1526 ritum
953 1479 970 1526 a
998 1456 1311 1530 Liberatodescri-

196 1585 297 1667 ptum
316 1571 515 1644 assumendi
530 1571 674 1666 pallium
701 1568 871 1641 referunt.
887 1567 1038 1641 Liberali
1057 1573 1139 1642 item
1158 1573 1313 1643 testimo·

197 1687 259 1758 nio
283 1686 499 1782 respondere
524 1685 689 1756 videntur
709 1707 799 1778 quae
813 1684 966 1756 lsidorus
980 1685 1151 1758 Pelusiota
1163 1688 1313 1758 Patriar-

196 1802 297 1874 cham
312 1801 588 1872 Alexandrinum
601 1801 771 1893 Cyrillum
798 1801 980 1894 alloquens
998 1825 1055 1896 ep.
1074 1803 1159 1873 370.
1182 1800 1259 1873 Lib.
1281 1805 1309 1872 l.

198 1918 406 2012 protulerat.
439 1944 455 1982 a
478 1917 586 1986 Filius
609 1929 690 1987 tuus
715 1939 810 1996 sum,
832 1917 964 2010 quippe
987 1918 1049 2011 qui
1074 1919 1192 2012 magni
1217 1917 1313 1989 illius

201 2061 218 2098 a
246 2035 350 2104 Marci
376 2033 527 2126 speciem
546 2044 650 2126 atque
676 2030 835 2102 habitum
855 2030 1062 2126 praeferas»
1089 2032 1175 2103 edit.
1196 2031 1314 2104 lacobi

197 2149 303 2218 Billii.
330 2148 475 2218 Saeculo
505 2159 618 2218 tamen
645 2148 794 2240 septimo
808 2169 848 2216 ac
861 2147 1025 2241 deinceps
1038 2147 1084 2218 de
1103 2149 1172 2218 ritu
1189 2146 1313 2246 buius-

199 2261 294 2332 modi
314 2261 407 2332 haud
431 2261 582 2356 amplius
607 2261 740 2330 mentio
760 2261 931 2341 occurrit,
949 2259 1039 2331 lorte
1052 2259 1100 2332 ob
1125 2283 1166 2331 ea
1189 2283 1315 2355 quaea

199 2371 461 2448 Mobamedanis
490 2377 615 2466 exinde
645 2376 830 2446 Christiani
862 2379 934 2470 pati
959 2374 1183 2459 debuerunt,
1220 2375 1315 2447 unde

199 2494 302 2564 etiam
329 2495 444 2564 evenit
470 2504 506 2562 ut
531 2492 720 2564 electiones
747 2503 783 2562 et
807 2494 1087 2562 consecrationes
1113 2492 1315 2562 Antistitum

198 2607 430 2678 Alexandriae
450 2608 540 2678 clam
559 2609 595 2676 in
614 2608 837 2678 monasteriis.
847 2608 1067 2701 potissimum
1082 2605 1160 2678 fieri
1173 2604 1316 2680 debue-

199 2724 282 2793 rint.
315 2725 424 2792 Porro
444 2722 539 2817 apud
566 2722 821 2793 Alexandrinos
838 2724 1015 2793 Antistitea
1033 2745 1071 2794 ea
1105 2745 1122 2792 a
1156 2725 1317 2818 primor-

200 2837 266 2906 diis
284 2836 502 2910 consuetudo
522 2839 708 2908 invaluisse
734 2837 883 2908 dicenda
902 2851 974 2917 est,
996 2837 1169 2931 siquidem
1189 2859 1318 2932 perpe-

202 2967 296 3022 tuam
332 2965 366 3024 et
402 2965 616 3024 constantem
646 2975 685 3023 ea
718 2953 928 3024 documenta
964 2951 1141 3047 prioribus
1172 2952 1317 3024 saeculis

201 3067 381 3139 exhibent.
446 3118 449 3126 ι

275 3183 405 3254 Placuit
432 3185 467 3254 in
498 3184 553 3253 his
584 3182 806 3253 declarandis
826 3182 958 3254 diutius
974 3184 1183 3262 immorari,
1210 3182 1319 3276 siqui·

200 3297 284 3368 dem
309 3300 425 3392 praxis
449 3297 508 3368 illa
536 3297 738 3369 Antistitum
767 3297 1000 3369 Alexandriae
1032 3297 1077 3367 de
1109 3296 1318 3369 assumendo

202 3413 312 3484 Pallio
350 3416 383 3483 S.
411 3416 534 3493 Marci,
566 3415 609 3484 iis
639 3426 875 3484 consentanea
896 3435 986 3506 quae
1011 3413 1203 3506 generatim
1231 3435 1319 3483 con-

200 3540 291 3598 stant
311 3528 356 3600 de
384 3529 530 3600 solemni
569 3529 668 3622 praxi
690 3526 840 3598 aliorum
865 3525 971 3621 pallia
995 3525 1157 3596 sumendi
1181 3525 1226 3596 ad
1251 3524 1319 3598 ob·

204 3647 362 3737 sequium
394 3657 499 3737 atque
520 3644 749 3714 imitationem
774 3640 1057 3736 significandam,
1085 3642 1167 3711 satis
1187 3664 1318 3738 super-

202 3782 272 3852 que
309 3759 494 3830 ostendere
528 3758 668 3828 videtur
698 3759 837 3827 nonnisi
879 3758 915 3827 S.
949 3759 1038 3827 Petri
1070 3757 1217 3827 Pallium
1245 3779 1320 3828 esse

202 3875 465 3967 agnoscendum
483 3875 520 3945 in
546 3873 656 3944 Pallio
681 3872 778 3967 quod
805 3873 951 3942 Romani
977 3871 1162 3942 Pontifices
1179 3895 1219 3943 ea
1244 3873 1320 3967 ipsa

206 4001 316 4060 aetate
343 3987 558 4060 adhibebant
584 4009 623 4059 ac
649 4000 747 4058 tauto
764 3991 803 4057 in
830 3987 927 4056 cultu
953 3987 1080 4080 iugiter
1104 3984 1316 4058 babuerunt.

203 4107 325 4198 Neque
362 4104 424 4175 abs
451 4127 490 4174 re
517 4106 583 4174 erit
610 4103 794 4174 adnotasse
824 4101 1025 4172 Liberatum
1054 4103 1201 4173 latinum
1231 4102 1320 4200 scri·

207 4233 344 4315 ptorem
369 4222 484 4314 ipsum
510 4219 607 4289 Pallii
639 4240 769 4288 nomen
797 4215 944 4298 babere,
974 4241 1017 4288 co
1040 4230 1199 4311 tempore
1226 4219 1317 4288 scri-

206 4337 329 4428 psisse,
357 4334 497 4406 saeculo
529 4333 691 4404 videlicet
723 4345 844 4412 sexto,
876 4356 955 4404 oum
982 4332 1193 4405 vocabulum
1219 4332 1318 4404 Pallii
