3402 5222
853 399 1029 464 ..24-

789 627 1013 696 sustentus
1036 629 1092 696 vt.

517 837 522 854 “
554 857 676 920 rursm
698 859 1090 924 emmerammenses
1115 860 1257 940 ortano
1281 861 1326 922 u.

483 1083 615 1154 Rursus
640 1095 756 1156 tamen
779 1085 898 1178 quoad
915 1085 1111 1158 Orientales
1137 1095 1382 1180 argumentum
1410 1105 1506 1178 pro-

387 1191 454 1266 lert
478 1195 529 1268 De
551 1197 664 1269 Merca
686 1195 851 1270 eductum
876 1222 919 1272 ex
942 1201 1101 1294 Gregorii
1120 1202 1167 1274 ld.
1188 1198 1336 1295 epistola
1363 1197 1408 1268 ad
1433 1199 1505 1268 Se-

386 1308 584 1383 bastianum
613 1311 853 1386 Rbisioensem
882 1316 919 1386 in
950 1313 1119 1388 Dalmatia
1146 1317 1372 1410 Episeopum.
1400 1313 1440 1384 L.
1470 1314 1503 1382 l.

387 1445 445 1520 ep.
472 1424 533 1498 28.
561 1423 683 1496 scribit
704 1427 797 1497 enim
826 1455 843 1493 a
865 1449 901 1500 se
919 1451 938 1498 a
961 1429 1123 1524 piissimis
1141 1427 1507 1522 Dominis(nimirum

270 1621 274 1630 .
391 1565 409 1605 s
436 1538 723 1636 Imperatoribus)
738 1543 875 1637 petiisse
890 1544 1052 1616 utvirum
1065 1540 1302 1632 beatissimum
1315 1541 1506 1612 dominum

391 1679 410 1720 s
436 1653 655 1728 Anastasium
677 1656 910 1730 Patriaroham
931 1657 1224 1754 (Antiochenum)
1251 1679 1417 1729 concesso
1436 1680 1533 1728 usu-

391 1795 410 1834 »
435 1767 534 1840 Pallii
552 1768 598 1842 ad
612 1768 705 1842 beuti
725 1773 815 1844 Petri
833 1773 1087 1868 Apostolorum
1106 1773 1275 1868 Principis
1289 1771 1409 1842 limina
1428 1793 1508 1842 me-

257 1899 261 1906 ·
333 1933 335 1937 .
392 1906 520 1956 »oum
556 1884 814 1960 celebraturum
847 1888 1017 1960 solemnia
1052 1889 1236 1960 Missarum
1269 1887 1509 1958 transmittere

393 2025 410 2064 s
438 1996 658 2082 debuissent,
690 2015 863 2096 quatenus
893 2003 922 2074 si
945 2003 976 2074 ei
1008 2001 1202 2074 adsedem
1231 2023 1330 2072 suam
1361 2002 1509 2072 minime

393 2139 411 2178 s
438 2115 567 2186 revorti
593 2113 732 2198 liceret,
748 2115 870 2188 saltem
897 2118 933 2188 in
959 2117 1098 2189 honore
1122 2138 1187 2188 suo
1217 2117 1403 2188 viveret.»

462 2229 660 2301 Anastasius
668 2231 1128 2326 Antistespraeclarissimus
1141 2231 1263 2302 lustini
1276 2231 1507 2324 Imperatoris

305 2357 307 2364 '
390 2345 630 2438 praepotentia
647 2367 667 2415 e
684 2365 745 2416 sua
764 2345 847 2416 sede
866 2345 988 2442 pulsus
1005 2345 1131 2426 luerat,
1150 2345 1340 2438 Gregorius
1356 2344 1442 2416 item
1466 2345 1507 2414 iu

390 2455 523 2528 ditione
562 2459 788 2554 Imperatoris
826 2458 998 2556 degebat:
1026 2462 1097 2532 iam
1131 2481 1238 2553 supra
1274 2456 1508 2531 animadverti

389 2583 520 2664 quanta
546 2572 808 2668 longanimitate
828 2587 864 2646 et
887 2576 1053 2670 patientia
1067 2575 1124 2646 SS.
1144 2572 1301 2646 Pontifex
1320 2595 1403 2643 oum
1425 2571 1507 2644 aula

390 2685 576 2777 Byzantina
599 2711 702 2781 agere
732 2687 916 2760 debuerit:
941 2691 1067 2785 iugiter
1092 2701 1209 2760 tamen
1228 2689 1424 2782 Imperator
1454 2690 1507 2776 uti

391 2800 564 2872 lloclesiae
587 2814 757 2898 patronus
782 2815 816 2874 et
840 2802 1003 2875 defensor
1025 2800 1238 2881 habebatur;
1267 2799 1364 2872 haud
1383 2802 1503 2872 mirari

392 2912 561 2988 debemus
584 2918 613 2987 si
642 2919 684 2988 iis
709 2918 744 2988 in
765 2916 936 2990 adiunctis
958 2918 1181 3013 imperatoris
1210 2913 1341 2987 bonam
1367 2917 1504 2986 veniam

392 3030 580 3124 Gregorius
614 3032 888 3126 expostulaverit
918 3045 958 3104 ut
985 3033 1115 3104 eiectus
1145 3029 1343 3102 Patriarcha
1375 3032 1503 3102 Romae

393 3167 474 3216 cum
487 3145 634 3218 solemni
648 3149 812 3243 propriae
823 3147 1001 3242 dignitatis
1019 3149 1119 3240 signo
1133 3147 1274 3216 interim
1290 3159 1502 3240 uersaretur.¹

466 3262 586 3356 Neque
599 3284 685 3333 vero
699 3261 852 3357 probare
863 3285 1007 3357 possum
1022 3260 1121 3355 quod
1133 3262 1169 3330 in
1179 3260 1274 3330 hune
1288 3259 1407 3331 locum
1417 3261 1505 3332 liau-

394 3377 461 3446 rini
484 3377 648 3471 ingerunt
674 3376 823 3450 dubium
843 3401 919 3448 «an
944 3399 1026 3448 usus
1045 3377 1142 3447 Pallii
1162 3399 1180 3448 a
1203 3377 1313 3446 Pallio
1337 3375 1503 3467 distingui

387 3519 414 3559 -s
441 3491 588 3574 debeat,
610 3515 654 3564 an
678 3495 855 3564 concessio
873 3495 1054 3588 utriusque
1079 3491 1125 3563 ab
1139 3493 1355 3587 imperatore
1372 3492 1417 3561 sit
1434 3491 1505 3561 im-

397 3633 415 3675 u
443 3607 613 3701 petrauda
635 3609 782 3680 rimetur
808 3608 960 3679 lector.»
984 3609 1139 3701 Quisque
1166 3606 1266 3678 facile
1291 3605 1446 3699 agnoseit
1462 3603 1506 3673 de

388 3719 493 3790 ¹Pallii
521 3745 599 3804 usu,
626 3735 731 3816 prout
761 3723 836 3817 ipsa
857 3723 1014 3816 Gregorii
1044 3719 1151 3792 verba
1177 3731 1320 3801 sonant,
1347 3742 1421 3790 esse
1445 3718 1506 3788 lo-

388 3857 475 3906 -oum
495 3836 809 3932 interpretandum:
826 3835 984 3932 prolecto
1004 3834 1153 3906 Pallium
1172 3836 1243 3907 iam
1260 3832 1403 3928 gerebat
1428 3835 1508 3904 An-

396 3949 579 4022 tiochenus
604 3951 775 4034 Autistes,
797 3975 859 4022 nec
885 3950 986 4033 facile
1011 3951 1090 4044 quis
1113 3949 1261 4022 suadere
1291 3947 1358 4020 sibi
1381 3948 1509 4043 poterit

396 4087 529 4136 novum
547 4078 794 4137 ornamentum
813 4089 832 4135 a
848 4067 1018 4159 Gregorio
1049 4063 1153 4136 fuisse
1180 4065 1372 4158 expetitum
1395 4063 1432 4130 in
1451 4060 1509 4132 la-

395 4202 519 4250 vorem
544 4181 642 4252 eiecti
656 4201 720 4274 per
734 4179 834 4264 illum
847 4181 1035 4262 Antistitis‚
1053 4177 1098 4251 ad
1113 4200 1288 4252 summum
1305 4199 1391 4250 vero
1402 4177 1510 4272 quod·
1627 4261 1630 4268 Δ

397 4295 478 4366 dam
503 4293 759 4390 beneplacitum
785 4319 852 4391 pro
878 4319 941 4367 usu
972 4295 1067 4366 illius
1082 4293 1188 4389 quod
1213 4287 1407 4407 obtinebat.
