3402 5222
875 416 1051 480 ..32...

403 549 535 620 stianae
564 547 661 618 Fidei
696 567 888 641 praecones
921 559 1026 641 atque
1055 543 1279 617 ecclesiarum
1314 545 1523 618 fundatores

404 685 448 733 eo
473 663 526 734 usi
553 659 809 744 noscebantur,
825 673 930 756 atque
947 663 1123 732 incorum
1148 656 1360 752 imaginibus
1371 659 1523 755 pallium

405 777 634 872 perspicuum
657 788 746 848 erat.

327 983 330 994 Ι
502 893 691 964 Enimvero
707 913 800 962 -oum
828 890 873 962 ad
899 913 1070 986 personae
1095 889 1341 962 indumentum
1371 890 1521 986 pallium

405 1006 577 1088 refertur,
602 1007 742 1078 nonnisi
770 1007 990 1101 superiorem
1020 1005 1118 1076 illam
1143 1027 1251 1099 quam
1275 1005 1523 1101 descripsimus

406 1134 536 1194 vestem
560 1122 724 1200 denotat.
757 1120 853 1192 haud
884 1121 954 1194 alio
989 1121 1026 1190 in
1052 1143 1154 1192 sensu
1188 1134 1397 1214 usurpatum
1436 1143 1524 1192 con·

406 1248 486 1306 stat.
518 1237 637 1306 Fuerit
663 1235 809 1330 quidem
837 1235 1017 1328 augustius
1047 1233 1191 1328 vulgare
1220 1233 1385 1327 pallium,
1419 1233 1523 1306 latius

405 1371 492 1420 vero
510 1348 796 1444 philosophicum
810 1360 845 1418 et
862 1346 1029 1442 peculiari
1047 1346 1200 1442 quadam
1217 1359 1301 1418 nota
1319 1346 1524 1420 distinctum

408 1463 621 1534 utFerrario
639 1462 683 1534 de
702 1487 741 1535 re
766 1461 938 1534 vestiaria
963 1461 1112 1557 placuit,
1139 1462 1326 1556 pretiosius
1345 1464 1450 1534 ctiam
1469 1460 1524 1532 di-

406 1579 569 1671 versique
592 1591 736 1650 ornatus
755 1601 822 1674 pro
838 1577 1017 1650 induentis
1036 1577 1256 1656 conditiouo;
1279 1575 1426 1671 pallium
1445 1599 1524 1649 eam

407 1705 543 1764 tantum
570 1691 664 1786 apud
690 1705 825 1765 veteres
851 1693 1032 1764 notionem
1057 1689 1211 1762 exhibet.
1229 1690 1390 1762 Profecto
1417 1693 1446 1762 si
1470 1692 1524 1762 in-

407 1806 614 1878 dumentum
640 1805 786 1900 aliquod
809 1805 1020 1878 haberemus
1039 1806 1138 1901 quod
1160 1828 1179 1876 a
1203 1807 1386 1878 vetustiori
1412 1817 1524 1878 aetate

408 1924 600 2016 generatim
616 1935 717 2016 togae
732 1923 876 1994 nomine
890 1921 1105 2018 appellatum
1122 1921 1244 2003 fuerit,
1259 1921 1339 2014 quis
1353 1921 1524 2015 originem

408 2039 520 2132 ipsius
541 2061 584 2108 ex
602 2048 682 2131 toga
698 2059 826 2130 negare
843 2035 1012 2108 auderet?
1026 2035 1175 2108 Tunicae
1200 2058 1329 2108 nomen
1346 2048 1523 2108 servatum

285 2155 291 2163 “
407 2165 443 2222 et
457 2174 525 2246 pro
543 2152 649 2222 sacris
667 2151 881 2222 indumentis
898 2164 967 2222 ests
987 2148 1143 2221 dubitari
1164 2173 1208 2222 ne
1227 2163 1342 2245 potest
1357 2173 1399 2222 ex
1412 2153 1524 2222 veteri

408 2268 525 2338 tunica
545 2265 812 2338 eeclesiasticam
832 2268 985 2344 tunicam
1002 2265 1169 2360 prodire?
1184 2264 1281 2338 idem
1310 2287 1423 2359 aequo
1448 2266 1525 2336 iure

407 2381 453 2452 de
472 2380 583 2452 Pallio
600 2393 652 2452 est
675 2382 914 2462 asserendum,
935 2404 999 2452 nec
1012 2381 1116 2452 video
1133 2403 1196 2452 cur
1218 2379 1433 2474 hypotheses
1455 2382 1524 2452 aiut

407 2492 626 2588 effingendac
644 2493 698 2564 vei
723 2494 758 2564 in
782 2495 916 2566 incerto
938 2517 994 2564 res
1019 2493 1268 2590 relinquenda,
1283 2517 1364 2566 cum
1384 2507 1523 2590 praesto

408 2608 505 2680 illius¹
525 2606 751 2703 explicandae
775 2610 865 2680 ratio
889 2622 1076 2705 suppetat,
1105 2607 1265 2704 profecto
1290 2632 1363 2703 quo
1388 2609 1524 2705 simpli·

409 2743 484 2791 cror
509 2744 553 2792 eo
577 2743 709 2793 venor.

821 2978 1046 3044 runcones
1069 2980 1111 3044 11.

799 3191 931 3254 sotum
952 3190 1130 3272 amorra.

506 3418 730 3513 Explananda
746 3441 856 3513 porro
874 3432 926 3490 est
947 3417 1137 3494 difficultas
1156 3444 1246 3515 quae
1260 3421 1386 3494 deduci
1408 3436 1523 3518 posset

408 3556 449 3602 ex
469 3533 623 3626 eoquod
650 3535 738 3604 sacri
763 3534 863 3605 Pallii
887 3533 1003 3629 forma
1026 3538 1084 3606 vix
1109 3561 1297 3608 commune
1316 3536 1449 3632 aliquid
1471 3541 1523 3610 vi·

409 3647 532 3718 deatur
556 3648 686 3719 habere
710 3673 790 3720 cum
807 3651 954 3744 antiquo
976 3650 1103 3746 pallio:
1132 3651 1220 3722 illud
1243 3654 1336 3722 enim
1359 3666 1433 3724 erat
1456 3677 1524 3724 am·

318 3811 321 3828 .
409 3763 509 3856 plum
534 3764 653 3834 velum
689 3787 762 3860 quo
798 3788 951 3860 persona
976 3765 1230 3861 operiebatur;
1265 3791 1403 3838 sacrum
1437 3791 1524 3839 vero

409 3876 557 3949 Pallium
579 3882 652 3951 sive
679 3881 827 3960 latinum
856 3883 928 3952 sive
952 3882 1123 3952 orientale
1150 3905 1222 3952 non
1249 3897 1299 3954 est
1328 3885 1392 3954 nisi
1420 3883 1523 3955 fascia

409 3993 582 4086 quaedam
601 3997 709 4089 magis
732 3996 788 4067 vel
809 3997 924 4068 minus
950 3997 1020 4069 lata
1044 4019 1134 4091 quae
1154 3998 1311 4070 humeris
1328 4023 1367 4070 ac
1388 4001 1522 4094 pectori

351 4112 352 4116 ’
410 4107 699 4202 circumponitur.

507 4223 881 4300 Recolendumstameu
899 4240 951 4298 est
974 4227 1082 4322 longo
1100 4212 1323 4300 saeculorum
1338 4229 1523 4300 interuallo

409 4350 522 4410 vestes
546 4363 660 4411 sacras
691 4340 873 4414 Christiani
904 4343 1036 4426 cultus,
1065 4366 1217 4437 quarum
1249 4345 1368 4438 plures
1399 4344 1522 4416 saltem
