3402 5222
624 408 803 478 213-

153 539 378 618 cedonense,
413 561 449 634 p.
478 537 543 608 ¹73.
569 537 679 610 Porro
710 538 754 610 de
785 537 952 632 cuiusque
980 539 1143 634 Episcopi
1167 538 1267 611 ordi-

152 656 295 746 natione
329 675 409 748 pag.
451 655 532 744 lili.
568 652 717 724 habetur
751 652 1086 748 «Archiepiscopus
1116 655 1266 748 imponit

155 770 349 842 »Pallium
379 756 559 872 ὠμοφὸριον
589 769 766 841 ordinato.
798 797 815 836 s

152 955 155 960 .
218 886 323 974 ,Alter
342 885 468 960 eodem
500 898 598 957 tomo
628 896 763 980 prostat
790 907 935 978 graecus
967 885 1149 978 liturgicus
1177 887 1266 957 anti-

152 1023 245 1096 quus
271 1001 408 1083 codex,
435 1001 497 1094 qui
522 999 682 1070 similiter
699 1000 737 1070 in
753 999 915 1094 Episcopi
946 997 1167 1071 ordinatione
1201 999 1265 1071 ba·

151 1113 212 1189 bet
239 1139 318 1212 pag.
356 1109 436 1188 129.
474 1117 677 1211 «imponat
704 1114 853 1186 Pallium
882 1116 914 1186 ei
942 1115 1003 1208 qui
1035 1113 1262 1187 ordinatur.»
1382 1175 1386 1182 .

153 1299 158 1305 .
224 1233 375 1304 Demum
399 1233 435 1302 in
469 1243 662 1303 memorato
694 1229 900 1303 Calendario
927 1231 1151 1304 llloscovitico
1184 1231 1266 1326 Epi-

151 1349 247 1444 scopi
278 1371 400 1420 omnes
431 1369 530 1419 sacro
555 1346 665 1418 Pallio
692 1347 807 1418 amicti
832 1346 1078 1441 inspiciuntur.

545 1605 788 1686 ‚inmensus
812 1608 851 1670 V.
936 1605 939 1610 ’

510 1822 640 1884 camno
658 1821 788 1904 ,conatii
814 1819 904 1882 VIII.

224 2069 388 2140 Attamen
405 2069 442 2138 in
460 2067 604 2140 Concilii
618 2069 730 2140 octavi
750 2079 872 2138 contra
890 2065 1097 2138 Photianum
1117 2063 1266 2138 schisma

151 2183 299 2254 decretis
318 2181 500 2278 disciplina
525 2183 720 2254 insinuatur
733 2204 823 2276 quae
838 2180 1017 2252 nonnullis
1034 2191 1169 2251 tantum
1183 2180 1266 2274 Epi·

151 2299 268 2393 scopis
285 2289 319 2369 et
341 2298 546 2393 praesertim
570 2297 820 2392 Metropolim,
842 2295 941 2367 Pallii
966 2311 1066 2366 usum
1089 2317 1266 2366 reservare

150 2411 306 2484 videtur.
334 2412 454 2484 Canon
485 2413 522 2482 in
553 2411 691 2483 Graecis
725 2405 993 2486 collectionibus
1027 2421 1077 2481 est
1103 2408 1266 2480 decimus

150 2539 324 2622 quartus,
351 2526 388 2597 in
413 2524 567 2598 editione
597 2549 658 2597 scu
684 2527 804 2596 Latina
834 2525 993 2596 versione
1018 2525 1188 2596 Anastasii
1213 2524 1266 2597 ri-

149 2645 305 2737 gesimus
330 2643 510 2737 septimus.
1314 2728 1316 2735 Ι

123 2753 151 2826 ”,
230 2785 248 2821 a
276 2755 454 2827 Sancimus
473 2767 513 2826 ut
529 2754 699 2848 designati
717 2754 760 2825 ad
779 2751 1078 2850 superhumeralia
1098 2753 1157 2848 (in
1175 2755 1266 2826 Ana·

153 2898 172 2940 r
201 2871 296 2954 stasii
307 2871 469 2943 versione
480 2869 621 2965 Pallia)
635 2870 800 2965 gestanda
813 2869 974 2966 Episcopi
986 2869 1089 2940 certis
1101 2869 1267 2964 statisque

153 3015 171 3056 a
188 2985 442 3082 temporibus,
468 2983 687 3080 temporibus
711 2985 781 3058 illis
798 3008 837 3056 ea
856 2996 891 3055 et
908 2983 995 3056 locis
1020 2996 1174 3078 gestent,
1201 3007 1266 3056 nec

153 3130 172 3180 a
202 3101 406 3174 huiusmodi
425 3100 522 3173 cultu
548 3123 612 3196 per
637 3099 764 3170 fastum
782 3111 818 3170 et
835 3095 1036 3194 superbiam
1054 3096 1263 3170 abutantur:

155 3245 174 3286 a
205 3229 265 3288 aut
288 3218 416 3312 quovis
446 3229 610 3311 tempore
634 3215 748 3286 Divini
782 3213 946 3286 sacrificii
980 3226 1014 3284 et
1045 3237 1266 3308 quacumque

156 3361 180 3402 o.
204 3329 629 3406 ecclesiasticaiunctione
647 3329 805 3402 ferant.»
826 3331 877 3401 Ex
895 3352 1000 3424 supra
1018 3329 1267 3402 animadversis

151 3471 275 3542 sensus
299 3447 441 3519 canonis
473 3447 708 3541 undequaque
733 3458 850 3540 patet:
877 3445 974 3539 quod
1002 3447 1104 3516 certis
1129 3457 1267 3539 tempo—

150 3563 395 3648 ribusellocis
410 3575 543 3634 tantum
551 3563 649 3633 Pallii
662 3585 745 3634 usus
757 3562 920 3654 duratum
941 3559 1056 3655 quod,
1078 3561 1265 3633 intervallo

150 3678 276 3772 aliquoi
293 3678 442 3750 Pallium
458 3679 494 3750 iu
513 3679 613 3750 Missa
639 3691 729 3750 essct
754 3660 1030 3772 deponendum:
1062 3677 1265 3772 praesertim

144 3815 237 3874 atero
263 3791 463 3864 attendatur
489 3793 586 3886 quod
613 3815 686 3864 non
710 3815 850 3874 omnes,
871 3792 932 3864 sed
952 3791 1111 3862 nonnulli
1131 3803 1265 3872 tantum

149 3910 314 4004 Episcopi
339 3907 509 4005 dcsignati
533 3908 699 3994 dicuutur
724 3907 770 3980 ad
794 3907 884 3978 illud
908 3905 1115 4000 gerendum.

222 4024 329 4120 Apud
355 4026 595 4107 Anastasium,
614 4026 676 4118 qui
699 4021 854 4106 adfuisse
885 4023 1042 4094 Concilio
1066 4033 1191 4094 octavo
1213 4045 1265 4092 as-

150 4141 299 4223 seritur,
320 4139 465 4211 latinam
480 4161 566 4212 vero
577 4140 651 4211 eius
669 4139 892 4210 decretorum
904 4137 1095 4208 editionem
1111 4138 1262 4220 curavit,

150 4255 239 4328 alter
261 4277 381 4348 canon⁴
391 4255 435 4328 ad
453 4255 613 4338 Pallium,
633 4239 801 4326 indirecte
819 4267 948 4338 tamen,
969 4255 1147 4350 pertinens
1164 4275 1265 4348 repe-
1303 4281 1305 4285 ⁴

150 4372 260 4454 ritur,
276 4371 443 4442 nimirum
469 4373 525 4442 Π.
546 4392 637 4465 quo,
660 4370 850 4464 praemisso
868 4392 1002 4454 canone
1019 4371 1077 4440 vt.
1097 4371 1262 4450 Nicacno,
