<?xml version="1.0" encoding="UTF-8"?>
<!DOCTYPE html PUBLIC "-//W3C//DTD XHTML 1.0 Transitional//EN"
    "http://www.w3.org/TR/xhtml1/DTD/xhtml1-transitional.dtd">
<html xmlns="http://www.w3.org/1999/xhtml" xml:lang="en" lang="en">
 <head>
  <title>
</title>
<meta http-equiv="Content-Type" content="text/html;charset=utf-8" />
  <meta name='ocr-system' content='tesseract 3.04.00' />
  <meta name='ocr-capabilities' content='ocr_page ocr_carea ocr_par ocr_line ocrx_word'/>
</head>
<body>
  <div class='ocr_page' id='page_1' title='image "./desacripalliior00vespgoog_0077.png"; bbox 0 0 3402 5222; ppageno 0'>
   <div class='ocr_carea' id='block_1_1' title="bbox 870 411 1048 476">
    <p class='ocr_par' dir='ltr' id='par_1_1' title="bbox 870 411 1048 476">
     <span class='ocr_line' id='line_1_1' title="bbox 870 411 1048 476; baseline -0.045 -10"><span class='ocrx_word' id='word_1_1' title='bbox 870 411 1048 476; x_wconf 65' lang='grc' dir='ltr'>μθθ...</span> 
     </span>
    </p>
   </div>
   <div class='ocr_carea' id='block_1_2' title="bbox 377 537 1636 4308">
    <p class='ocr_par' dir='ltr' id='par_1_2' title="bbox 377 537 1525 1439">
     <span class='ocr_line' id='line_1_2' title="bbox 401 537 1519 634; baseline 0.002 -22"><span class='ocrx_word' id='word_1_2' title='bbox 401 541 566 612; x_wconf 80' lang='lat' dir='ltr'>missione</span> <span class='ocrx_word' id='word_1_3' title='bbox 591 537 688 612; x_wconf 80' lang='lat' dir='ltr'>i’ailii</span> <span class='ocrx_word' id='word_1_4' title='bbox 716 537 865 612; x_wconf 86' lang='lat' dir='ltr'>habetur</span> <span class='ocrx_word' id='word_1_5' title='bbox 890 541 926 612; x_wconf 93' lang='lat' dir='ltr'>in</span> <span class='ocrx_word' id='word_1_6' title='bbox 952 541 1089 612; x_wconf 86' lang='lat' dir='ltr'>Diurno</span> <span class='ocrx_word' id='word_1_7' title='bbox 1113 539 1184 614; x_wconf 83' lang='lat' dir='ltr'>iiii.</span> <span class='ocrx_word' id='word_1_8' title='bbox 1213 539 1277 609; x_wconf 82' lang='lat' dir='ltr'>Pi’.</span> <span class='ocrx_word' id='word_1_9' title='bbox 1299 561 1364 634; x_wconf 91' lang='lat' dir='ltr'>per</span> <span class='ocrx_word' id='word_1_10' title='bbox 1388 541 1519 616; x_wconf 87' lang='lat' dir='ltr'>Game-</span> 
     </span>
     <span class='ocr_line' id='line_1_3' title="bbox 403 651 1519 748; baseline 0.002 -22"><span class='ocrx_word' id='word_1_11' title='bbox 403 656 494 726; x_wconf 90' lang='lat' dir='ltr'>rium</span> <span class='ocrx_word' id='word_1_12' title='bbox 519 651 616 726; x_wconf 92' lang='lat' dir='ltr'>edito</span> <span class='ocrx_word' id='word_1_13' title='bbox 633 661 711 748; x_wconf 83' lang='lat' dir='ltr'>cap.</span> <span class='ocrx_word' id='word_1_14' title='bbox 733 655 790 724; x_wconf 88' lang='lat' dir='ltr'>tv.</span> <span class='ocrx_word' id='word_1_15' title='bbox 811 652 857 724; x_wconf 88' lang='lat' dir='ltr'>de</span> <span class='ocrx_word' id='word_1_16' title='bbox 882 677 949 724; x_wconf 90' lang='lat' dir='ltr'>usu</span> <span class='ocrx_word' id='word_1_17' title='bbox 974 651 1073 724; x_wconf 87' lang='lat' dir='ltr'>Pallii</span> <span class='ocrx_word' id='word_1_18' title='bbox 1099 653 1153 724; x_wconf 88' lang='lat' dir='ltr'>tit.</span> <span class='ocrx_word' id='word_1_19' title='bbox 1182 652 1218 724; x_wconf 84' lang='lat'>3.</span> <span class='ocrx_word' id='word_1_20' title='bbox 1249 654 1519 739; x_wconf 72' lang='lat' dir='ltr'>«Pathissum,</span> 
     </span>
     <span class='ocr_line' id='line_1_4' title="bbox 404 765 1522 863; baseline 0.002 -25"><span class='ocrx_word' id='word_1_21' title='bbox 404 797 421 838; x_wconf 75' lang='lat' dir='ltr'>n</span> <span class='ocrx_word' id='word_1_22' title='bbox 449 767 619 863; x_wconf 88' lang='lat' dir='ltr'>quemad</span> <span class='ocrx_word' id='word_1_23' title='bbox 643 767 869 842; x_wconf 81' lang='lat' dir='ltr'>sacerdotalis</span> <span class='ocrx_word' id='word_1_24' title='bbox 887 765 997 840; x_wconf 83' lang='lat' dir='ltr'>officii</span> <span class='ocrx_word' id='word_1_25' title='bbox 1015 767 1182 840; x_wconf 82' lang='lat' dir='ltr'>decorem</span> <span class='ocrx_word' id='word_1_26' title='bbox 1205 779 1241 840; x_wconf 88' lang='lat' dir='ltr'>et</span> <span class='ocrx_word' id='word_1_27' title='bbox 1265 767 1311 840; x_wconf 89' lang='lat' dir='ltr'>ad</span> <span class='ocrx_word' id='word_1_28' title='bbox 1332 769 1522 842; x_wconf 81' lang='lat' dir='ltr'>ostenden-</span> 
     </span>
     <span class='ocr_line' id='line_1_5' title="bbox 404 879 1523 980; baseline 0.004 -29"><span class='ocrx_word' id='word_1_29' title='bbox 404 910 421 950; x_wconf 82' lang='lat' dir='ltr'>n</span> <span class='ocrx_word' id='word_1_30' title='bbox 450 883 538 952; x_wconf 88' lang='lat' dir='ltr'>dam</span> <span class='ocrx_word' id='word_1_31' title='bbox 560 879 842 952; x_wconf 76' lang='lat' dir='ltr'><em>unanimitatem</em></span> <span class='ocrx_word' id='word_1_32' title='bbox 865 903 973 978; x_wconf 91' lang='lat' dir='ltr'>quam</span> <span class='ocrx_word' id='word_1_33' title='bbox 997 905 1079 952; x_wconf 87' lang='lat' dir='ltr'>cum</span> <span class='ocrx_word' id='word_1_34' title='bbox 1104 880 1208 952; x_wconf 82' lang='lat' dir='ltr'>bento</span> <span class='ocrx_word' id='word_1_35' title='bbox 1225 881 1333 954; x_wconf 82' lang='lat' dir='ltr'>Petro</span> <span class='ocrx_word' id='word_1_36' title='bbox 1355 885 1523 980; x_wconf 79' lang='lat' dir='ltr'>Apostolo</span> 
     </span>
     <span class='ocr_line' id='line_1_6' title="bbox 405 994 1523 1092; baseline 0.002 -24"><span class='ocrx_word' id='word_1_37' title='bbox 405 998 656 1070; x_wconf 76' lang='lat' dir='ltr'>s.universum</span> <span class='ocrx_word' id='word_1_38' title='bbox 674 1018 817 1092; x_wconf 83' lang='lat' dir='ltr'>gregem</span> <span class='ocrx_word' id='word_1_39' title='bbox 831 994 1093 1069; x_wconf 90' lang='lat' dir='ltr'>dominicarum</span> <span class='ocrx_word' id='word_1_40' title='bbox 1112 997 1235 1068; x_wconf 88' lang='lat' dir='ltr'>ovium</span> <span class='ocrx_word' id='word_1_41' title='bbox 1252 1017 1343 1092; x_wconf 87' lang='lat' dir='ltr'>quae</span> <span class='ocrx_word' id='word_1_42' title='bbox 1364 999 1397 1069; x_wconf 89' lang='lat' dir='ltr'>ei</span> <span class='ocrx_word' id='word_1_43' title='bbox 1422 1021 1523 1072; x_wconf 90' lang='lat' dir='ltr'>com·</span> 
     </span>
     <span class='ocr_line' id='line_1_7' title="bbox 404 1109 1524 1206; baseline 0 -20"><span class='ocrx_word' id='word_1_44' title='bbox 404 1140 422 1186; x_wconf 78' lang='lat' dir='ltr'>r</span> <span class='ocrx_word' id='word_1_45' title='bbox 449 1113 574 1184; x_wconf 86' lang='lat' dir='ltr'>missae</span> <span class='ocrx_word' id='word_1_46' title='bbox 592 1124 673 1186; x_wconf 89' lang='lat' dir='ltr'>sunt</span> <span class='ocrx_word' id='word_1_47' title='bbox 690 1109 823 1184; x_wconf 89' lang='lat' dir='ltr'>habere</span> <span class='ocrx_word' id='word_1_48' title='bbox 842 1133 914 1184; x_wconf 93' lang='lat' dir='ltr'>non</span> <span class='ocrx_word' id='word_1_49' title='bbox 933 1109 1083 1184; x_wconf 86' lang='lat' dir='ltr'>dubium</span> <span class='ocrx_word' id='word_1_50' title='bbox 1109 1123 1175 1194; x_wconf 86' lang='lat' dir='ltr'>est,</span> <span class='ocrx_word' id='word_1_51' title='bbox 1202 1111 1443 1206; x_wconf 82' lang='lat' dir='ltr'>Apostolicsm</span> <span class='ocrx_word' id='word_1_52' title='bbox 1461 1137 1524 1186; x_wconf 81' lang='lat' dir='ltr'>se·</span> 
     </span>
     <span class='ocr_line' id='line_1_8' title="bbox 377 1225 1525 1328; baseline 0.005 -31"><span class='ocrx_word' id='word_1_53' title='bbox 377 1253 421 1313; x_wconf 37' lang='lat' dir='ltr'>,a</span> <span class='ocrx_word' id='word_1_54' title='bbox 450 1227 533 1298; x_wconf 90' lang='lat' dir='ltr'>dem</span> <span class='ocrx_word' id='word_1_55' title='bbox 557 1227 646 1300; x_wconf 89' lang='lat' dir='ltr'>sicut</span> <span class='ocrx_word' id='word_1_56' title='bbox 667 1225 785 1300; x_wconf 83' lang='lat' dir='ltr'>decuit</span> <span class='ocrx_word' id='word_1_57' title='bbox 814 1228 1024 1322; x_wconf 86' lang='lat' dir='ltr'>poposcisti,</span> <span class='ocrx_word' id='word_1_58' title='bbox 1050 1243 1173 1324; x_wconf 84' lang='lat' dir='ltr'><em>utpote</em></span> <span class='ocrx_word' id='word_1_59' title='bbox 1196 1225 1245 1296; x_wconf 83' lang='lat' dir='ltr'>ad</span> <span class='ocrx_word' id='word_1_60' title='bbox 1269 1225 1403 1299; x_wconf 82' lang='lat' dir='ltr'>eisdem</span> <span class='ocrx_word' id='word_1_61' title='bbox 1428 1231 1525 1328; x_wconf 76' lang='lat' dir='ltr'>Apo-</span> 
     </span>
     <span class='ocr_line' id='line_1_9' title="bbox 404 1340 1221 1439; baseline -0.009 -23"><span class='ocrx_word' id='word_1_62' title='bbox 404 1371 422 1416; x_wconf 80' lang='lat'>»</span> <span class='ocrx_word' id='word_1_63' title='bbox 449 1341 550 1414; x_wconf 79' lang='lat' dir='ltr'>stolis</span> <span class='ocrx_word' id='word_1_64' title='bbox 563 1341 756 1436; x_wconf 80' lang='lat' dir='ltr'>sundatae</span> <span class='ocrx_word' id='word_1_65' title='bbox 780 1341 965 1414; x_wconf 80' lang='lat' dir='ltr'><em>Ecclesiae</em></span> <span class='ocrx_word' id='word_1_66' title='bbox 988 1340 1221 1439; x_wconf 76' lang='lat' dir='ltr'>episcopus.»</span> 
     </span>
    </p>

    <p class='ocr_par' dir='ltr' id='par_1_3' title="bbox 402 1456 1527 2456">
     <span class='ocr_line' id='line_1_10' title="bbox 474 1456 1525 1554; baseline 0 -24"><span class='ocrx_word' id='word_1_67' title='bbox 474 1457 642 1530; x_wconf 84' lang='lat' dir='ltr'>Formuia</span> <span class='ocrx_word' id='word_1_68' title='bbox 654 1457 714 1530; x_wconf 91' lang='lat' dir='ltr'>illa</span> <span class='ocrx_word' id='word_1_69' title='bbox 728 1459 886 1554; x_wconf 87' lang='lat' dir='ltr'>apprime</span> <span class='ocrx_word' id='word_1_70' title='bbox 898 1457 1062 1530; x_wconf 86' lang='lat' dir='ltr'>convenit</span> <span class='ocrx_word' id='word_1_71' title='bbox 1074 1479 1154 1528; x_wconf 91' lang='lat' dir='ltr'>cum</span> <span class='ocrx_word' id='word_1_72' title='bbox 1165 1456 1311 1553; x_wconf 88' lang='lat' dir='ltr'>epistola</span> <span class='ocrx_word' id='word_1_73' title='bbox 1325 1457 1525 1553; x_wconf 83' lang='lat' dir='ltr'><strong>Symmachi</strong></span> 
     </span>
     <span class='ocr_line' id='line_1_11' title="bbox 403 1571 1525 1676; baseline -0.001 -30"><span class='ocrx_word' id='word_1_74' title='bbox 403 1572 449 1646; x_wconf 92' lang='lat' dir='ltr'>ad</span> <span class='ocrx_word' id='word_1_75' title='bbox 460 1572 685 1646; x_wconf 84' lang='lat' dir='ltr'>Theodorum</span> <span class='ocrx_word' id='word_1_76' title='bbox 700 1574 970 1646; x_wconf 86' lang='lat' dir='ltr'>Laureacensem</span> <span class='ocrx_word' id='word_1_77' title='bbox 992 1595 1058 1676; x_wconf 92' lang='lat' dir='ltr'>pro</span> <span class='ocrx_word' id='word_1_78' title='bbox 1072 1571 1170 1644; x_wconf 88' lang='lat' dir='ltr'>Pallii</span> <span class='ocrx_word' id='word_1_79' title='bbox 1183 1575 1424 1646; x_wconf 79' lang='lat' dir='ltr'>concessione:</span> <span class='ocrx_word' id='word_1_80' title='bbox 1440 1573 1525 1646; x_wconf 82' lang='lat' dir='ltr'>iun-</span> 
     </span>
     <span class='ocr_line' id='line_1_12' title="bbox 402 1685 1524 1785; baseline 0.002 -27"><span class='ocrx_word' id='word_1_81' title='bbox 402 1687 500 1760; x_wconf 90' lang='lat' dir='ltr'>datio</span> <span class='ocrx_word' id='word_1_82' title='bbox 528 1685 730 1782; x_wconf 83' lang='lat' dir='ltr'>Apostolica</span> <span class='ocrx_word' id='word_1_83' title='bbox 760 1687 925 1760; x_wconf 88' lang='lat' dir='ltr'>ecclesiae</span> <span class='ocrx_word' id='word_1_84' title='bbox 946 1687 1128 1784; x_wconf 87' lang='lat' dir='ltr'>potissima</span> <span class='ocrx_word' id='word_1_85' title='bbox 1149 1698 1224 1760; x_wconf 85' lang='lat' dir='ltr'>erat</span> <span class='ocrx_word' id='word_1_86' title='bbox 1253 1687 1352 1760; x_wconf 85' lang='lat' dir='ltr'>Pallii</span> <span class='ocrx_word' id='word_1_87' title='bbox 1379 1689 1524 1785; x_wconf 89' lang='lat' dir='ltr'>petendi</span> 
     </span>
     <span class='ocr_line' id='line_1_13' title="bbox 403 1801 1525 1898; baseline 0.002 -22"><span class='ocrx_word' id='word_1_88' title='bbox 403 1817 507 1898; x_wconf 85' lang='lat' dir='ltr'>utque</span> <span class='ocrx_word' id='word_1_89' title='bbox 531 1801 716 1876; x_wconf 89' lang='lat' dir='ltr'>obtinendi</span> <span class='ocrx_word' id='word_1_90' title='bbox 741 1825 856 1876; x_wconf 88' lang='lat' dir='ltr'>causa.</span> <span class='ocrx_word' id='word_1_91' title='bbox 894 1804 991 1889; x_wconf 86' lang='lat' dir='ltr'>Quae</span> <span class='ocrx_word' id='word_1_92' title='bbox 1011 1801 1156 1898; x_wconf 88' lang='lat' dir='ltr'>quidem</span> <span class='ocrx_word' id='word_1_93' title='bbox 1185 1802 1326 1876; x_wconf 88' lang='lat' dir='ltr'>dicendi</span> <span class='ocrx_word' id='word_1_94' title='bbox 1364 1806 1456 1878; x_wconf 91' lang='lat' dir='ltr'>ratio</span> <span class='ocrx_word' id='word_1_95' title='bbox 1479 1827 1525 1878; x_wconf 89' lang='lat' dir='ltr'>eo</span> 
     </span>
     <span class='ocr_line' id='line_1_14' title="bbox 403 1915 1521 2024; baseline 0.002 -36"><span class='ocrx_word' id='word_1_96' title='bbox 403 1929 455 1990; x_wconf 86' lang='lat' dir='ltr'>est</span> <span class='ocrx_word' id='word_1_97' title='bbox 479 1918 622 2012; x_wconf 88' lang='lat' dir='ltr'>gravior</span> <span class='ocrx_word' id='word_1_98' title='bbox 644 1919 824 2024; x_wconf 77' lang='lat' dir='ltr'>magisque</span> <span class='ocrx_word' id='word_1_99' title='bbox 837 1916 1039 1990; x_wconf 89' lang='lat' dir='ltr'>adnotanda</span> <span class='ocrx_word' id='word_1_100' title='bbox 1060 1915 1172 2014; x_wconf 81' lang='lat' dir='ltr'>qnod,</span> <span class='ocrx_word' id='word_1_101' title='bbox 1188 1917 1521 2003; x_wconf 85' lang='lat' dir='ltr'>iuxtaGarnerium,</span> 
     </span>
     <span class='ocr_line' id='line_1_15' title="bbox 405 2031 1527 2130; baseline 0.004 -29"><span class='ocrx_word' id='word_1_102' title='bbox 405 2055 447 2104; x_wconf 85' lang='lat' dir='ltr'>ea</span> <span class='ocrx_word' id='word_1_103' title='bbox 479 2033 524 2104; x_wconf 89' lang='lat' dir='ltr'>sit</span> <span class='ocrx_word' id='word_1_104' title='bbox 549 2033 788 2128; x_wconf 88' lang='lat' dir='ltr'>antiquissima</span> <span class='ocrx_word' id='word_1_105' title='bbox 813 2032 1032 2105; x_wconf 85' lang='lat' dir='ltr'>concedendi</span> <span class='ocrx_word' id='word_1_106' title='bbox 1046 2033 1145 2105; x_wconf 85' lang='lat' dir='ltr'>Pallii</span> <span class='ocrx_word' id='word_1_107' title='bbox 1169 2031 1322 2106; x_wconf 84' lang='lat' dir='ltr'>formula</span> <span class='ocrx_word' id='word_1_108' title='bbox 1341 2046 1376 2106; x_wconf 87' lang='lat' dir='ltr'>et</span> <span class='ocrx_word' id='word_1_109' title='bbox 1390 2057 1410 2105; x_wconf 91' lang='lat' dir='ltr'>a</span> <span class='ocrx_word' id='word_1_110' title='bbox 1424 2036 1527 2130; x_wconf 87' lang='lat' dir='ltr'>Sym·</span> 
     </span>
     <span class='ocr_line' id='line_1_16' title="bbox 404 2146 1526 2244; baseline 0.004 -26"><span class='ocrx_word' id='word_1_111' title='bbox 404 2147 519 2224; x_wconf 89' lang='lat' dir='ltr'>ma&#39;chi</span> <span class='ocrx_word' id='word_1_112' title='bbox 534 2160 695 2244; x_wconf 90' lang='lat' dir='ltr'>tempore</span> <span class='ocrx_word' id='word_1_113' title='bbox 712 2171 824 2244; x_wconf 89' lang='lat' dir='ltr'>usque</span> <span class='ocrx_word' id='word_1_114' title='bbox 850 2147 895 2220; x_wconf 87' lang='lat' dir='ltr'>ad</span> <span class='ocrx_word' id='word_1_115' title='bbox 913 2146 1114 2220; x_wconf 87' lang='lat' dir='ltr'>Paschaiem</span> <span class='ocrx_word' id='word_1_116' title='bbox 1140 2149 1170 2219; x_wconf 90' lang='lat'>1.</span> <span class='ocrx_word' id='word_1_117' title='bbox 1200 2147 1369 2231; x_wconf 81' lang='lat' dir='ltr'>adhibita,</span> <span class='ocrx_word' id='word_1_118' title='bbox 1392 2150 1454 2244; x_wconf 90' lang='lat' dir='ltr'>qui</span> <span class='ocrx_word' id='word_1_119' title='bbox 1483 2171 1526 2222; x_wconf 92' lang='lat' dir='ltr'>ea</span> 
     </span>
     <span class='ocr_line' id='line_1_17' title="bbox 404 2263 1524 2360; baseline 0.002 -27"><span class='ocrx_word' id='word_1_120' title='bbox 404 2285 488 2334; x_wconf 91' lang='lat' dir='ltr'>usus</span> <span class='ocrx_word' id='word_1_121' title='bbox 507 2275 560 2334; x_wconf 87' lang='lat' dir='ltr'>cst</span> <span class='ocrx_word' id='word_1_122' title='bbox 581 2286 676 2346; x_wconf 91' lang='lat' dir='ltr'>cnm,</span> <span class='ocrx_word' id='word_1_123' title='bbox 702 2263 884 2336; x_wconf 86' lang='lat' dir='ltr'>Bernardo</span> <span class='ocrx_word' id='word_1_124' title='bbox 901 2265 1088 2338; x_wconf 87' lang='lat' dir='ltr'>Viennensi</span> <span class='ocrx_word' id='word_1_125' title='bbox 1104 2264 1221 2360; x_wconf 86' lang='lat' dir='ltr'>Epise.</span> <span class='ocrx_word' id='word_1_126' title='bbox 1246 2287 1304 2338; x_wconf 86' lang='lat' dir='ltr'>an.</span> <span class='ocrx_word' id='word_1_127' title='bbox 1333 2266 1418 2336; x_wconf 80' lang='lat'><strong>817.</strong></span> <span class='ocrx_word' id='word_1_128' title='bbox 1443 2263 1524 2336; x_wconf 88' lang='lat' dir='ltr'>Pai-</span> 
     </span>
     <span class='ocr_line' id='line_1_18' title="bbox 405 2376 625 2456; baseline 0.018 -8"><span class='ocrx_word' id='word_1_129' title='bbox 405 2376 493 2456; x_wconf 91' lang='lat' dir='ltr'>lium</span> <span class='ocrx_word' id='word_1_130' title='bbox 514 2377 625 2452; x_wconf 86' lang='lat' dir='ltr'>dedit.</span> 
     </span>
    </p>

    <p class='ocr_par' dir='ltr' id='par_1_4' title="bbox 405 2491 1526 3370">
     <span class='ocr_line' id='line_1_19' title="bbox 477 2491 1521 2599; baseline 0.004 -36"><span class='ocrx_word' id='word_1_131' title='bbox 477 2493 568 2571; x_wconf 87' lang='lat' dir='ltr'>Hinc</span> <span class='ocrx_word' id='word_1_132' title='bbox 594 2493 728 2588; x_wconf 85' lang='lat' dir='ltr'>optimc</span> <span class='ocrx_word' id='word_1_133' title='bbox 742 2491 932 2568; x_wconf 82' lang='lat' dir='ltr'>cohaerent</span> <span class='ocrx_word' id='word_1_134' title='bbox 944 2492 1081 2566; x_wconf 89' lang='lat' dir='ltr'>indulta</span> <span class='ocrx_word' id='word_1_135' title='bbox 1106 2491 1167 2566; x_wconf 90' lang='lat' dir='ltr'>iila</span> <span class='ocrx_word' id='word_1_136' title='bbox 1194 2493 1400 2599; x_wconf 83' lang='lat' dir='ltr'>praesertim</span> <span class='ocrx_word' id='word_1_137' title='bbox 1423 2493 1521 2590; x_wconf 84' lang='lat' dir='ltr'>apud</span> 
     </span>
     <span class='ocr_line' id='line_1_20' title="bbox 405 2607 1525 2704; baseline 0.003 -26"><span class='ocrx_word' id='word_1_138' title='bbox 405 2608 613 2702; x_wconf 85' lang='lat' dir='ltr'>Gregorium</span> <span class='ocrx_word' id='word_1_139' title='bbox 634 2609 679 2679; x_wconf 87' lang='lat' dir='ltr'>M.</span> <span class='ocrx_word' id='word_1_140' title='bbox 709 2609 745 2680; x_wconf 91' lang='lat' dir='ltr'>in</span> <span class='ocrx_word' id='word_1_141' title='bbox 770 2607 900 2704; x_wconf 89' lang='lat' dir='ltr'>quibus</span> <span class='ocrx_word' id='word_1_142' title='bbox 924 2608 1072 2680; x_wconf 84' lang='lat' dir='ltr'>Pallinm</span> <span class='ocrx_word' id='word_1_143' title='bbox 1099 2607 1332 2704; x_wconf 86' lang='lat' dir='ltr'>ldetmpolitis</span> <span class='ocrx_word' id='word_1_144' title='bbox 1356 2611 1525 2681; x_wconf 84' lang='lat' dir='ltr'>concedi·</span> 
     </span>
     <span class='ocr_line' id='line_1_21' title="bbox 406 2720 1523 2820; baseline 0.006 -29"><span class='ocrx_word' id='word_1_145' title='bbox 406 2733 478 2803; x_wconf 90' lang='lat' dir='ltr'>tur,</span> <span class='ocrx_word' id='word_1_146' title='bbox 493 2723 580 2815; x_wconf 90' lang='lat' dir='ltr'>quin</span> <span class='ocrx_word' id='word_1_147' title='bbox 607 2720 780 2796; x_wconf 80' lang='lat' dir='ltr'><strong>habeatur</strong></span> <span class='ocrx_word' id='word_1_148' title='bbox 798 2725 932 2796; x_wconf 88' lang='lat' dir='ltr'>mentio</span> <span class='ocrx_word' id='word_1_149' title='bbox 957 2723 1003 2795; x_wconf 90' lang='lat' dir='ltr'>de</span> <span class='ocrx_word' id='word_1_150' title='bbox 1025 2723 1191 2820; x_wconf 80' lang='lat' dir='ltr'>peculiari</span> <span class='ocrx_word' id='word_1_151' title='bbox 1210 2724 1326 2819; x_wconf 90' lang='lat' dir='ltr'>aliqua</span> <span class='ocrx_word' id='word_1_152' title='bbox 1347 2724 1523 2820; x_wconf 81' lang='lat' dir='ltr'>legatione</span> 
     </span>
     <span class='ocr_line' id='line_1_22' title="bbox 405 2831 1526 2935; baseline 0.003 -27"><span class='ocrx_word' id='word_1_153' title='bbox 405 2835 628 2932; x_wconf 84' lang='lat' dir='ltr'>Apostolicae</span> <span class='ocrx_word' id='word_1_154' title='bbox 652 2837 764 2920; x_wconf 84' lang='lat' dir='ltr'>Sedis.</span> <span class='ocrx_word' id='word_1_155' title='bbox 790 2861 831 2910; x_wconf 88' lang='lat' dir='ltr'>ea</span> <span class='ocrx_word' id='word_1_156' title='bbox 856 2831 1029 2934; x_wconf 81' lang='lat' dir='ltr'>siquidem</span> <span class='ocrx_word' id='word_1_157' title='bbox 1053 2839 1222 2935; x_wconf 85' lang='lat' dir='ltr'>implicite</span> <span class='ocrx_word' id='word_1_158' title='bbox 1246 2838 1526 2935; x_wconf 86' lang='lat' dir='ltr'>perspiciebatur</span> 
     </span>
     <span class='ocr_line' id='line_1_23' title="bbox 407 2952 1524 3051; baseline 0.007 -31"><span class='ocrx_word' id='word_1_159' title='bbox 407 2953 444 3021; x_wconf 89' lang='lat' dir='ltr'>in</span> <span class='ocrx_word' id='word_1_160' title='bbox 467 2952 742 3048; x_wconf 83' lang='lat' dir='ltr'>Metropoliticae</span> <span class='ocrx_word' id='word_1_161' title='bbox 766 2953 944 3048; x_wconf 89' lang='lat' dir='ltr'>dignitatis</span> <span class='ocrx_word' id='word_1_162' title='bbox 966 2955 1115 3049; x_wconf 83' lang='lat' dir='ltr'>origine,</span> <span class='ocrx_word' id='word_1_163' title='bbox 1142 2977 1212 3051; x_wconf 87' lang='lat' dir='ltr'>qua</span> <span class='ocrx_word' id='word_1_164' title='bbox 1235 2955 1524 3028; x_wconf 85' lang='lat' dir='ltr'>Praadecessores</span> 
     </span>
     <span class='ocr_line' id='line_1_24' title="bbox 407 3065 1526 3166; baseline 0.006 -30"><span class='ocrx_word' id='word_1_165' title='bbox 407 3065 452 3140; x_wconf 90' lang='lat' dir='ltr'>ad</span> <span class='ocrx_word' id='word_1_166' title='bbox 475 3066 709 3138; x_wconf 88' lang='lat' dir='ltr'>Christianum</span> <span class='ocrx_word' id='word_1_167' title='bbox 736 3089 866 3143; x_wconf 92' lang='lat' dir='ltr'>nomen</span> <span class='ocrx_word' id='word_1_168' title='bbox 884 3068 1153 3166; x_wconf 87' lang='lat' dir='ltr'>propagandum</span> <span class='ocrx_word' id='word_1_169' title='bbox 1168 3093 1232 3165; x_wconf 93' lang='lat' dir='ltr'>per</span> <span class='ocrx_word' id='word_1_170' title='bbox 1249 3091 1308 3141; x_wconf 89' lang='lat' dir='ltr'>eas</span> <span class='ocrx_word' id='word_1_171' title='bbox 1324 3071 1526 3166; x_wconf 84' lang='lat' dir='ltr'>provincias</span> 
     </span>
     <span class='ocr_line' id='line_1_25' title="bbox 407 3180 1525 3279; baseline 0.004 -27"><span class='ocrx_word' id='word_1_172' title='bbox 407 3181 502 3258; x_wconf 88' lang='lat' dir='ltr'>missi</span> <span class='ocrx_word' id='word_1_173' title='bbox 521 3180 671 3278; x_wconf 80' lang='lat' dir='ltr'>fuerant,</span> <span class='ocrx_word' id='word_1_174' title='bbox 683 3181 985 3278; x_wconf 81' lang='lat' dir='ltr'>quemadmodum</span> <span class='ocrx_word' id='word_1_175' title='bbox 998 3180 1213 3279; x_wconf 79' lang='lat' dir='ltr'>Apollinaris</span> <span class='ocrx_word' id='word_1_176' title='bbox 1227 3186 1427 3257; x_wconf 82' lang='lat' dir='ltr'>Ravennam</span> <span class='ocrx_word' id='word_1_177' title='bbox 1445 3186 1525 3257; x_wconf 86' lang='lat' dir='ltr'>mis-</span> 
     </span>
     <span class='ocr_line' id='line_1_26' title="bbox 413 3295 808 3370; baseline 0.01 -4"><span class='ocrx_word' id='word_1_178' title='bbox 413 3319 471 3368; x_wconf 90' lang='lat' dir='ltr'>sus</span> <span class='ocrx_word' id='word_1_179' title='bbox 498 3317 518 3367; x_wconf 90' lang='lat' dir='ltr'>a</span> <span class='ocrx_word' id='word_1_180' title='bbox 544 3297 647 3369; x_wconf 84' lang='lat' dir='ltr'>Petro</span> <span class='ocrx_word' id='word_1_181' title='bbox 680 3295 808 3370; x_wconf 85' lang='lat' dir='ltr'>iuerat.</span> 
     </span>
    </p>

    <p class='ocr_par' dir='ltr' id='par_1_5' title="bbox 408 3411 1636 4308">
     <span class='ocr_line' id='line_1_27' title="bbox 481 3411 1526 3511; baseline 0.004 -31"><span class='ocrx_word' id='word_1_182' title='bbox 481 3411 576 3483; x_wconf 89' lang='lat' dir='ltr'>Patet</span> <span class='ocrx_word' id='word_1_183' title='bbox 601 3413 707 3484; x_wconf 85' lang='lat' dir='ltr'>etiam</span> <span class='ocrx_word' id='word_1_184' title='bbox 731 3435 800 3511; x_wconf 90' lang='lat' dir='ltr'>qua</span> <span class='ocrx_word' id='word_1_185' title='bbox 821 3411 865 3484; x_wconf 93' lang='lat' dir='ltr'>de</span> <span class='ocrx_word' id='word_1_186' title='bbox 884 3434 987 3486; x_wconf 86' lang='lat' dir='ltr'>causa</span> <span class='ocrx_word' id='word_1_187' title='bbox 1011 3411 1229 3510; x_wconf 80' lang='lat' dir='ltr'>simplicibus</span> <span class='ocrx_word' id='word_1_188' title='bbox 1243 3411 1424 3486; x_wconf 90' lang='lat' dir='ltr'>nonnullis</span> <span class='ocrx_word' id='word_1_189' title='bbox 1441 3415 1526 3510; x_wconf 80' lang='lat' dir='ltr'>lipi-</span> 
     </span>
     <span class='ocr_line' id='line_1_28' title="bbox 408 3525 1526 3626; baseline 0.004 -30"><span class='ocrx_word' id='word_1_190' title='bbox 408 3528 523 3620; x_wconf 87' lang='lat' dir='ltr'>scopis</span> <span class='ocrx_word' id='word_1_191' title='bbox 551 3525 749 3600; x_wconf 87' lang='lat' dir='ltr'>traderetur</span> <span class='ocrx_word' id='word_1_192' title='bbox 780 3526 1043 3623; x_wconf 71' lang='lat' dir='ltr'>palliumque</span> <span class='ocrx_word' id='word_1_193' title='bbox 1078 3541 1194 3600; x_wconf 88' lang='lat' dir='ltr'>tamen</span> <span class='ocrx_word' id='word_1_194' title='bbox 1223 3529 1262 3600; x_wconf 92' lang='lat' dir='ltr'>in</span> <span class='ocrx_word' id='word_1_195' title='bbox 1291 3528 1431 3602; x_wconf 92' lang='lat' dir='ltr'>indulto</span> <span class='ocrx_word' id='word_1_196' title='bbox 1463 3553 1526 3626; x_wconf 84' lang='lat' dir='ltr'>pe-</span> 
     </span>
     <span class='ocr_line' id='line_1_29' title="bbox 409 3633 1636 3739; baseline 0.006 -29"><span class='ocrx_word' id='word_1_197' title='bbox 409 3633 548 3714; x_wconf 85' lang='lat' dir='ltr'>culiaris</span> <span class='ocrx_word' id='word_1_198' title='bbox 581 3644 714 3713; x_wconf 90' lang='lat' dir='ltr'>mentio</span> <span class='ocrx_word' id='word_1_199' title='bbox 744 3642 927 3738; x_wconf 79' lang='lat' dir='ltr'>legationis</span> <span class='ocrx_word' id='word_1_200' title='bbox 958 3641 1181 3739; x_wconf 76' lang='lat' dir='ltr'>Apostolicae</span> <span class='ocrx_word' id='word_1_201' title='bbox 1217 3641 1413 3716; x_wconf 82' lang='lat' dir='ltr'>habeatur:</span> <span class='ocrx_word' id='word_1_202' title='bbox 1444 3644 1526 3716; x_wconf 89' lang='lat' dir='ltr'>illae</span> <span class='ocrx_word' id='word_1_203' title='bbox 1633 3657 1636 3665; x_wconf 90' lang='lat'>&#39;</span> 
     </span>
     <span class='ocr_line' id='line_1_30' title="bbox 409 3755 1526 3848; baseline 0.007 -24"><span class='ocrx_word' id='word_1_204' title='bbox 409 3755 581 3848; x_wconf 85' lang='lat' dir='ltr'>siqnidem</span> <span class='ocrx_word' id='word_1_205' title='bbox 603 3757 766 3831; x_wconf 87' lang='lat' dir='ltr'>ecclesiae</span> <span class='ocrx_word' id='word_1_206' title='bbox 784 3757 1007 3832; x_wconf 80' lang='lat' dir='ltr'>fundatorem</span> <span class='ocrx_word' id='word_1_207' title='bbox 1034 3756 1230 3837; x_wconf 84' lang='lat' dir='ltr'>habuerant</span> <span class='ocrx_word' id='word_1_208' title='bbox 1244 3759 1442 3832; x_wconf 85' lang='lat' dir='ltr'>Praesulem</span> <span class='ocrx_word' id='word_1_209' title='bbox 1460 3760 1526 3832; x_wconf 89' lang='lat' dir='ltr'>aii-</span> 
     </span>
     <span class='ocr_line' id='line_1_31' title="bbox 409 3871 1525 3960; baseline 0.007 -22"><span class='ocrx_word' id='word_1_210' title='bbox 409 3891 515 3960; x_wconf 91' lang='lat' dir='ltr'>quem</span> <span class='ocrx_word' id='word_1_211' title='bbox 540 3893 559 3948; x_wconf 87' lang='lat' dir='ltr'>a</span> <span class='ocrx_word' id='word_1_212' title='bbox 583 3872 688 3944; x_wconf 86' lang='lat' dir='ltr'>Petro</span> <span class='ocrx_word' id='word_1_213' title='bbox 712 3873 884 3956; x_wconf 82' lang='lat' dir='ltr'>missum,</span> <span class='ocrx_word' id='word_1_214' title='bbox 913 3873 969 3944; x_wconf 88' lang='lat' dir='ltr'>vei</span> <span class='ocrx_word' id='word_1_215' title='bbox 994 3871 1039 3945; x_wconf 90' lang='lat' dir='ltr'>ab</span> <span class='ocrx_word' id='word_1_216' title='bbox 1056 3874 1130 3946; x_wconf 84' lang='lat' dir='ltr'>eius</span> <span class='ocrx_word' id='word_1_217' title='bbox 1156 3873 1440 3958; x_wconf 80' lang='lat' dir='ltr'>successoribus,</span> <span class='ocrx_word' id='word_1_218' title='bbox 1468 3875 1525 3946; x_wconf 86' lang='lat' dir='ltr'>vol</span> 
     </span>
     <span class='ocr_line' id='line_1_32' title="bbox 410 3984 1527 4085; baseline 0.011 -31"><span class='ocrx_word' id='word_1_219' title='bbox 410 3984 515 4054; x_wconf 87' lang='lat' dir='ltr'>etiam</span> <span class='ocrx_word' id='word_1_220' title='bbox 528 3985 764 4058; x_wconf 87' lang='lat' dir='ltr'>immediatam</span> <span class='ocrx_word' id='word_1_221' title='bbox 774 3987 865 4060; x_wconf 88' lang='lat' dir='ltr'>hanc</span> <span class='ocrx_word' id='word_1_222' title='bbox 878 3989 1050 4083; x_wconf 90' lang='lat' dir='ltr'>originem</span> <span class='ocrx_word' id='word_1_223' title='bbox 1063 4001 1098 4061; x_wconf 89' lang='lat' dir='ltr'>ct</span> <span class='ocrx_word' id='word_1_224' title='bbox 1111 3988 1316 4062; x_wconf 89' lang='lat' dir='ltr'>relationem</span> <span class='ocrx_word' id='word_1_225' title='bbox 1331 3987 1527 4085; x_wconf 84' lang='lat' dir='ltr'>significare</span> 
     </span>
     <span class='ocr_line' id='line_1_33' title="bbox 410 4089 1525 4198; baseline 0.006 -31"><span class='ocrx_word' id='word_1_226' title='bbox 410 4089 603 4182; x_wconf 86' lang='lat' dir='ltr'>volebant,</span> <span class='ocrx_word' id='word_1_227' title='bbox 634 4099 741 4196; x_wconf 88' lang='lat' dir='ltr'>idque</span> <span class='ocrx_word' id='word_1_228' title='bbox 772 4125 837 4198; x_wconf 89' lang='lat' dir='ltr'>per</span> <span class='ocrx_word' id='word_1_229' title='bbox 871 4103 1167 4178; x_wconf 88' lang='lat' dir='ltr'>transmissionem</span> <span class='ocrx_word' id='word_1_230' title='bbox 1196 4103 1297 4176; x_wconf 84' lang='lat' dir='ltr'>Pallii</span> <span class='ocrx_word' id='word_1_231' title='bbox 1315 4105 1350 4176; x_wconf 89' lang='lat' dir='ltr'>S.</span> <span class='ocrx_word' id='word_1_232' title='bbox 1362 4105 1455 4176; x_wconf 88' lang='lat' dir='ltr'>Petri</span> <span class='ocrx_word' id='word_1_233' title='bbox 1480 4105 1525 4177; x_wconf 76' lang='lat' dir='ltr'>si·-</span> 
     </span>
     <span class='ocr_line' id='line_1_34' title="bbox 411 4211 655 4308; baseline 0.016 -26"><span class='ocrx_word' id='word_1_234' title='bbox 411 4211 655 4308; x_wconf 84' lang='lat' dir='ltr'>gnificabatur.</span> 
     </span>
    </p>
   </div>
   <div class='ocr_carea' id='block_1_3' title="bbox 483 4329 1525 4431">
    <p class='ocr_par' dir='ltr' id='par_1_6' title="bbox 483 4329 1525 4431">
     <span class='ocr_line' id='line_1_35' title="bbox 483 4329 1525 4431; baseline -0.005 -19"><span class='ocrx_word' id='word_1_235' title='bbox 483 4330 534 4412; x_wconf 86' lang='lat' dir='ltr'>De</span> <span class='ocrx_word' id='word_1_236' title='bbox 563 4330 677 4412; x_wconf 69' lang='lat' dir='ltr'>tiaras</span> <span class='ocrx_word' id='word_1_237' title='bbox 710 4333 843 4412; x_wconf 84' lang='lat' dir='ltr'>censuit</span> <span class='ocrx_word' id='word_1_238' title='bbox 874 4329 1053 4431; x_wconf 82' lang='lat' dir='ltr'>prioribus</span> <span class='ocrx_word' id='word_1_239' title='bbox 1085 4333 1231 4414; x_wconf 83' lang='lat' dir='ltr'>saeculis</span> <span class='ocrx_word' id='word_1_240' title='bbox 1262 4335 1301 4414; x_wconf 87' lang='lat' dir='ltr'>iu</span> <span class='ocrx_word' id='word_1_241' title='bbox 1336 4332 1525 4413; x_wconf 84' lang='lat' dir='ltr'>Occidente</span> 
     </span>
    </p>
   </div>
   <div class='ocr_carea' id='block_1_4' title="bbox 0 0 1716 5222">
    <p class='ocr_par' dir='ltr' id='par_1_7' title="bbox 0 0 1716 5222">
     <span class='ocr_line' id='line_1_36' title="bbox 0 0 1716 5222; baseline 0 0"><span class='ocrx_word' id='word_1_242' title='bbox 0 0 1716 5222; x_wconf 95' lang='lat' dir='ltr'> </span> 
     </span>
    </p>
   </div>
  </div>
 </body>
</html>
