3402 5222
896 381 1073 445 ..12-

505 513 638 585 Zonara
676 511 783 582 tradit
820 511 1038 584 Anastasium
1072 513 1322 607 Imperatorem
1347 513 1545 596 Germani,

431 651 522 702 saec.
539 629 575 700 8.
590 623 962 722 Constantinopolitani
978 625 1369 722 Patriarchac,vestigiis
1385 629 1549 700 insisten-

432 757 504 816 tem
522 743 766 839 Omophorion
792 743 867 813 eius
889 741 1062 824 calcasse,
1090 764 1163 836 quo
1190 755 1351 814 moneret
1380 767 1425 814 ne
1455 767 1548 839 pro-

433 871 573 956 peraret
597 855 660 930 lih.
690 857 746 928 15.
772 860 864 928 Anu.
882 881 919 929 n.
937 857 971 928 5.
988 857 1087 952 quod
1113 859 1266 954 inspecta
1288 861 1416 930 veteris
1441 859 1547 932 Pallii

299 963 302 972 ’
432 985 467 1045 et
499 974 612 1068 graed
645 972 848 1068 pracsertim
881 970 1126 1067 longitudine,
1154 969 1232 1043 fieri
1258 971 1359 1044 lacile
1385 974 1546 1069 potuisse

432 1101 671 1298 consddhrgius
696 1201 872 1273 Gedrenus
902 1199 947 1272 de
971 1203 1050 1297 ipso
1066 1158 1199 1274 'eodem
1224 1203 1398 1275 Germano
1427 1199 1548 1275 «ller-

435 1345 453 1386 s
476 1341 624 1389 manum
648 1317 718 1388 Leo
745 1315 989 1413 (Imperator)
1012 1317 1246 1390 Patriarcham
1272 1319 1362 1391 solio
1389 1319 1544 1390 deiecit:

434 1461 453 1502 u
479 1433 578 1527 isque
603 1431 785 1504 humerale
810 1433 847 1503 in
871 1454 968 1504 sacra
992 1455 1111 1504 mensa
1136 1436 1255 1529 magni
1279 1433 1403 1530 templi
1430 1433 1549 1529 depo-

435 1575 453 1615 s
480 1571 586 1629 nens,
608 1548 793 1644 resignavit
808 1571 935 1620 munus
947 1570 1050 1620 suum
1069 1561 1173 1644 atque
1190 1549 1380 1622 discessit»
1398 1571 1436 1644 p.
1453 1549 1544 1620 376.

432 1661 518 1735 edit.
540 1662 644 1736 Basil.

842 1858 1065 1926 ARTICULUS
1087 1859 1143 1924 lv.

765 2057 841 2118 Item
867 2073 907 2118 es·
929 2055 1026 2118 Libris
1048 2055 1208 2136 titurqtco.

505 2221 684 2296 Accedunt
700 2219 782 2292 libri
806 2221 958 2316 liturgici
977 2245 1017 2293 ac
1038 2223 1170 2294 rituum
1189 2223 1418 2318 expositores.
1445 2225 1478 2293 1.
1494 2225 1547 2296 De

432 2337 638 2411 Patriarchis
663 2337 748 2409 haec
770 2335 878 2410 habet
896 2339 1036 2410 Simeon
1048 2337 1362 2410 Thessalonicensis
1389 2339 1453 2410 «Si
1471 2339 1548 2410 cle-

435 2467 557 2526 »ctus
578 2455 617 2526 in
647 2452 882 2525 Patriarcharn
917 2451 1021 2525 fuerit
1046 2453 1265 2552 Episcopus,
1298 2475 1372 2524 non
1409 2452 1548 2548 indiget

435 2561 549 2642 uallo
579 2562 717 2664 praeter
747 2569 1034 2640 inthronismum.
1069 2571 1256 2640 Promotus
1285 2570 1322 2640 in
1355 2569 1547 2641 Ecclesiam

435 2712 452 2750 u
479 2686 599 2767 venit,
626 2685 870 2779 templumque
894 2685 1070 2777 ingressus
1094 2695 1129 2756 et
1153 2707 1291 2756 sacrum
1318 2684 1445 2768 altare,
1461 2685 1546 2780 Epi-

435 2800 674 2906 strachelion
700 2791 733 2871 et
763 2789 945 2908 dpopipor
980 2797 1045 2869 sihi
1079 2799 1324 2894 circumponit.
1358 2801 1409 2870 De
1440 2800 1548 2870 sacris

435 2944 453 2984 h
553 2970 561 2987 .
604 2971 613 2988 ,
694 2969 702 2987 .
719 2943 736 2984 l)

481 2915 884 3126 0lldttulnelrxgeneratim
911 3031 957 3102 de
986 3031 1167 3126 Episcopis
1192 3029 1348 3103 Isidorus
1373 3031 1545 3103 Pelusiota

432 3147 562 3218 saeculi
586 3149 699 3241 quinti
722 3148 824 3219 initio
854 3149 894 3217 L.
926 3149 954 3217 l.
985 3169 1043 3241 cp.
1079 3147 1159 3217 136.
1182 3145 1226 3218 ad
1245 3147 1456 3218 Herminum
1479 3147 1546 3220 Go-
1686 3171 1687 3198 1

434 3265 553 3334 mitem
584 3260 784 3357 «Episcopi
816 3263 965 3334 Pallium
994 3285 1038 3333 cx
1071 3260 1151 3332 lana
1169 3284 1257 3332 vnon
1287 3285 1329 3332 ex
1359 3253 1433 3333 lino
1463 3285 1545 3334 oon·

436 3405 454 3445 »
482 3388 615 3448 textum
634 3379 710 3448 ovis
727 3375 843 3458 illius,
869 3400 976 3470 quam
1001 3377 1171 3448 Dominus
1196 3373 1415 3447 aberrantem
1441 3398 1546 3470 quae·

435 3520 453 3560 »
481 3493 583 3574 sivit,
598 3491 1020 3586 inventamquehumeris
1037 3491 1107 3562 suis
1125 3490 1262 3562 sustulit
1287 3488 1417 3585 pellem
1434 3491 1546 3586 signi-

435 3635 453 3674 »
481 3605 575 3678 ficat.
608 3599 801 3702 Episcopus
826 3607 919 3676 enim
944 3605 1005 3699 qui
1030 3604 1156 3675 Christi
1181 3616 1305 3701 typum
1323 3607 1415 3699 gerit
1439 3607 1548 3701 ipsius

435 3750 453 3788 s
482 3745 629 3793 munere
649 3721 832 3816 iungitur,
858 3733 962 3814 atque
986 3721 1092 3792 etiam
1113 3722 1191 3816 ipso
1209 3719 1331 3792 habitu
1347 3721 1438 3792 illud
1457 3741 1547 3793 onus

436 3839 453 3902 ‘s
482 3835 634 3907 ostendit
659 3859 695 3908 se
721 3833 806 3906 boni
832 3836 928 3906 illius
952 3859 992 3908 ac
1015 3836 1133 3927 magni
1156 3835 1307 3906 Pastoris
1333 3836 1547 3907 imitatorem

434 3977 453 4017 u
480 3973 576 4031 esse,
595 3953 657 4045 qui
676 3953 789 4046 gregis
807 3950 1026 4023 infirmitates
1044 3949 1110 4022 sibi
1129 3949 1292 4022 ferendas
1309 3951 1508 4046 proposuit.
1527 3977 1545 4016 s

505 4065 656 4138 Aloisius
673 4069 918 4138 Assemannius
937 4066 1078 4139 exhibet
1099 4065 1220 4138 codice
1242 4066 1406 4160 liturgico
1431 4079 1458 4138 t.
1486 4067 1545 4137 Xl.

432 4181 609 4276 liturgiam
640 4181 918 4276 Dionysianam,
960 4203 1067 4278 quam
1100 4192 1199 4276 putat
1224 4203 1267 4251 eo
1281 4193 1468 4252 'exaratam
1494 4183 1549 4252 in·

433 4296 582 4368 tervallo
606 4296 703 4392 quod
729 4295 829 4369 lluxit
854 4297 946 4368 inter
970 4295 1165 4369 Concilium
1188 4296 1378 4366 Nicaenu'm
1395 4294 1550 4368 et'Ghal-
