3402 5222
446 511 503 594 Ut
519 537 616 593 vcro
635 508 890 621 pertractatio
913 506 1143 590 huiusmodi
1160 508 1305 588 clarior
1316 507 1476 605 evadat,

367 647 498 756 primo
516 643 677 753 quidem
695 642 943 752 disciplinam
968 640 1021 723 de
1042 640 1166 723 Pallio
1188 640 1297 750 apud
1319 643 1481 726 Latinos

367 796 407 860 et
437 775 659 860 Orientales
687 803 764 856 usu
788 791 1010 884 receptam,
1039 773 1204 884 prolatis
1233 775 1349 856 etiam
1379 779 1480 858 anti-

368 910 520 1020 quioris
556 909 697 1008 aetatis
724 906 995 1008 documentis,
1010 907 1186 988 breviter
1198 924 1330 988 tamen
1344 937 1391 989 ac
1409 939 1482 1018 per

279 1049 284 1060 '
368 1071 519 1122 summa
533 1042 663 1152 capita
675 1039 1043 1152 proponam2quod
1056 1038 1219 1150 quidem
1232 1041 1345 1123 facile
1358 1071 1482 1124 unus-

369 1177 541 1285 quisque
560 1173 668 1256 videt
683 1175 807 1254 totius
828 1172 1114 1282 disquisitionis
1136 1203 1220 1256 esse
1245 1173 1481 1257 fundamen·

368 1324 468 1388 tum.
500 1308 585 1388 Hac
609 1324 742 1388 tamen
769 1307 895 1415 priori
913 1307 954 1387 in
975 1323 1110 1416 parte,
1135 1305 1373 1389 documenta
1391 1309 1482 1390 sim-

368 1441 526 1551 pliciter
564 1457 686 1548 atque
721 1439 908 1521 historice
953 1439 1239 1552 proferentur,
1284 1441 1482 1556 siquidem

369 1575 550 1653 omnium
576 1574 678 1654 ratio
697 1599 744 1653 ac
761 1597 892 1654 nexus
917 1599 968 1653 ex
995 1571 1176 1654 dicendis
1201 1571 1369 1682 patebit.
1400 1575 1483 1683 Hy·

369 1704 556 1817 pothcses
582 1703 727 1788 deinde
749 1733 772 1787 a
798 1703 1005 1786 nonnullis
1032 1706 1137 1787 circa
1168 1706 1344 1788 eiusdem
1370 1705 1482 1790 Paliii

370 1841 565 1948 originem
589 1839 858 1949 excogitatas,
887 1855 1010 1952 atque
1033 1863 1122 1920 cam
1157 1839 1351 1949 imprimis
1378 1867 1484 1950 quae

371 2001 421 2053 ex
438 1973 727 2080 imperatorum
743 1973 889 2082 repetit
906 1971 1159 2081 elargitione,
1173 1971 1361 2054 refellam.
1379 1973 1484 2056 ffinc

371 2107 435 2186 via
460 2121 582 2187 strata
608 2104 661 2188 ad
682 2131 815 2188 veram
844 2107 955 2187 iuxta
982 2105 1228 2216 propositam
1258 2106 1400 2188 thesim
1424 2133 1485 2188 sa-

371 2241 430 2320 cri
462 2237 575 2321 Pallii
609 2241 803 2349 originem
829 2237 1111 2349 detegendam:
1145 2237 1400 2352 proindeque
1424 2266 1485 2322 ar·

371 2389 558 2480 gumenta
590 2372 712 2455 adid
743 2370 1085 2483 comprobandum
1115 2375 1306 2456 evolvam.
1337 2373 1385 2454 In
1411 2373 1487 2457 hac

371 2531 466 2587 vero
483 2507 791 2616 pertractatione
807 2523 985 2588 veterum
1007 2505 1244 2619 scriptorum
1271 2505 1487 2590 documen·

372 2639 423 2719 tis
455 2640 674 2746 iungentur
703 2655 983 2740 monumenta,
1018 2664 1145 2752 eaque
1179 2667 1274 2722 sane
1311 2641 1487 2750 praecla-

372 2771 525 2853 rissima
551 2771 725 2885 quaein
751 2770 1033 2853 vetustioribus
1053 2769 1176 2854 Urbis
1211 2771 1383 2856 ecclesiis
1414 2803 1487 2884 po·

374 2919 570 2986 sterorum
588 2905 800 2987 memoriae
819 2901 1104 2986 tradebantur:
1133 2933 1185 2986 ex
1203 2907 1487 2991 coniunctione

375 3037 481 3119 enim
497 3017 595 3137 ista,¹
609 3055 841 3148 argumento
854 3037 925 3120 iux
947 3035 1058 3120 haud
1079 3037 1289 3122 mediocris
1302 3037 1488 3124 accedam

375 3170 547 3254 videtur.
683 3184 685 3188 ’

440 3304 659 3388 Offendere
673 3305 844 3415 aliquem
862 3323 995 3416 posset
1012 3307 1197 3388 novitatis
1210 3307 1374 3416 species,
1384 3335 1487 3418 quae

377 3441 419 3518 in
446 3439 651 3549 proposita
677 3440 868 3521 sententia
884 3439 1139 3548 persentitur.
1152 3434 1157 3444 '
1170 3441 1355 3522 Attamen
1379 3468 1489 3523 reco-

377 3570 542 3653 lendum
561 3587 620 3654 est
636 3571 741 3653 idem
758 3571 942 3682 pluribus
964 3571 1189 3680 contigisse,
1205 3573 1277 3682 qui
1294 3575 1489 3655 rationem

353 3705 356 3709 ’
379 3704 607 3786 historicam
627 3703 916 3787 nonnullorum
934 3705 1083 3786 rituum
1112 3703 1174 3787 vel
1199 3731 1397 3787 sacrarum
1424 3734 1489 3788 ve·

379 3839 496 3917 stium
522 3837 800 3920 declarandam
829 3854 1112 3947 susceperuntt
1142 3865 1234 3920 cum
1260 3837 1490 3949 praesertim

267 4071 270 4080 ,
381 3997 428 4050 ex
471 3971 687 4081 antiquiori
731 3998 829 4054 aevo
866 4000 957 4054 rara
998 3969 1211 4054 admodum
1252 3969 1490 4054 documenta

381 4105 606 4211 supersint,
648 4131 722 4186 nec
760 4105 874 4187 facile
915 4107 1064 4215 scripto
1097 4103 1351 4187 traderentur
1387 4131 1490 4212 quae

382 4236 567 4317 omuibus
591 4238 791 4320 notissima
812 4267 858 4320 ac
881 4239 1090 4349 perspicua
1117 4253 1253 4338 erant3
1274 4238 1491 4320 successive
