3402 5222
666 433 845 496 ...29-

193 563 290 634 adest
309 564 466 634 varietas.
487 563 573 633 Cum
594 565 769 635 institutio
789 567 877 635 ritus
895 563 1041 635 alicuius
1060 562 1100 634 iit
1117 563 1162 636 ad
1177 563 1312 658 figura7

193 691 270 751 tum
299 692 435 750 tantum
460 701 600 750 sensum
626 679 861 774 promendum
887 692 1045 752 accurate
1063 679 1158 751 illius
1176 702 1312 750 memo·

194 794 247 876 ria
270 792 400 864 servari
434 793 643 873 consuevit,
676 806 929 888 perspectaque
952 805 1071 866 manet
1103 793 1193 864 ratio
1224 815 1314 887 quae

193 908 412 982 ceremoniae
424 907 657 979 instituendae
672 907 776 1004 plena
792 907 1015 1002 perfectaque
1029 927 1132 980 causa
1145 908 1310 979 extiterit.

270 1023 457 1117 Praecipua
487 1022 629 1117 llystica
657 1024 814 1094 ratio·ea
841 1045 916 1094 esse
943 1021 1107 1102 videtur,
1137 1019 1186 1093 ob
1208 1043 1314 1116 quam

194 1136 397 1229 designetur
408 1137 530 1207 ovium
540 1159 623 1207 cura
640 1133 839 1231 pastoribus
849 1135 990 1207 tradita:
1007 1147 1041 1206 at
1053 1155 1123 1228 qua
1136 1133 1182 1208 de
1195 1157 1312 1218 causa,
1415 1226 1417 1230 ι
1436 1157 1440 1164 ·

195 1252 233 1320 in
258 1249 448 1323 Occidente
473 1249 611 1333 saltem,
638 1249 683 1322 ab
702 1251 898 1344 antiquiori
919 1261 1044 1332 aetate,
1060 1273 1132 1322 non
1149 1239 1316 1323 ¹omnibus

196 1366 536 1461 EpiscopisPallium
561 1388 748 1437 commune
762 1364 853 1438 tuit?
867 1366 937 1436 Cur
963 1367 1069 1438 etiam
1092 1366 1119 1436 si
1143 1365 1188 1438 ad
1207 1365 1316 1436 vellus

197 1479 467 1574 exprimendum
492 1480 558 1552 tuit
571 1479 720 1556 Pallium
733 1481 946 1560 institutum,
963 1478 1031 1551 boc
1045 1482 1162 1574 ipsum
1175 1480 1316 1552 velleris

197 1616 327 1665 nomen
345 1592 546 1693 adhibitum
578 1617 650 1665 non
684 1607 750 1665 est:
784 1592 921 1688 aliaque
949 1606 1116 1689 usurpata
1143 1592 1315 1665 vocabula

198 1708 292 1803 apud
305 1709 505 1780 Graecoset
523 1709 663 1780 Latinos
680 1730 770 1803 quae
785 1707 832 1779 ad
857 1731 933 1780 rem
960 1707 1058 1778 illam
1082 1705 1177 1780 baud
1208 1708 1316 1802 perti·

198 1846 282 1894 uere
308 1822 501 1895 videntur?

272 1940 419 2009 Domum
436 1949 582 2010 conatus
597 1937 819 2010 eruditorum
837 1939 882 2010 ad
898 1937 996 2023 Pallii
1014 1939 1187 2032 originem
1205 1935 1315 2008 dedu·

199 2052 360 2135 cendam,
377 2066 412 2124 et
425 2054 517 2125 ratio
530 2055 605 2148 ipsa
620 2052 789 2146 loquendi
809 2076 828 2124 a
851 2053 1028 2148 plerisque
1052 2051 1210 2123 adhibita
1229 2051 1315 2123 dum

199 2167 297 2238 illam
318 2169 485 2240 incertam
510 2153 615 2262 atque
638 2166 825 2240 obscuram
842 2181 1029 2250 asserunt,
1050 2167 1180 2238 indicio
1198 2181 1250 2238 est
1273 2191 1315 2238 ex

201 2283 358 2378 mysticis
388 2282 719 2378 significationibus,
741 2307 831 2378 quae
868 2283 1035 2354 omnibus
1062 2295 1141 2353 sunt
1173 2305 1316 2376 perspe-

199 2411 287 2480 ctae,
306 2398 402 2470 haud
429 2421 503 2470 esse
522 2398 620 2470 illam
644 2397 890 2470 derivandam:
905 2401 978 2469 imo
991 2399 1051 2492 qui
1065 2397 1167 2468 hasce
1194 2398 1317 2490 mysti-

200 2534 258 2583 cas
280 2511 548 2606 significationes
568 2513 675 2584 insius
702 2511 939 2608 tradiderunt,
968 2515 1110 2584 nonita
1143 2533 1200 2582 aas
1232 2533 1317 2605 pro-

202 2625 318 2696 ferunt
348 2640 387 2698 ut
407 2627 490 2700 inde
517 2653 663 2724 prorsus
682 2627 779 2698 Pallii
812 2628 1066 2699 institutionem
1089 2639 1272 2721 repetant,
1297 2649 1316 2694 e

201 2754 322 2812 contra
347 2745 421 2814 eius
444 2744 613 2836 originem
635 2741 876 2814 absconditam
896 2754 999 2834 atque
1018 2744 1186 2812 incertam
1209 2739 1315 2810 iidem

203 2869 372 2927 asserunt.

613 3079 787 3161 CAPUT
815 3079 903 3158 Vll.

539 3270 641 3318 PAbLll
658 3269 756 3318 otttco
772 3269 983 3318 PROPOlllTUll.

685 3418 842 3438 ρ*

626 3527 850 3597 Attrlcttttts
873 3529 899 3592 1.

583 3738 584 3742 ’
608 3725 660 3785 Ec
681 3725 782 3817 aetoli
799 3725 909 3802 pollio.

277 3891 445 3962 Nonnulli
464 3905 602 3986 agentes
619 3889 809 3986 generatim
829 3889 874 3960 de
892 3912 991 3961 sacro
1005 3887 1115 3960 Pallio
1135 3912 1211 3961 eam
1229 3912 1320 3982 quc-

206 4028 275 4100 que
300 4006 414 4079 obiter
444 4008 648 4078 senteutiam
681 4007 941 4080 insinuaverant
967 4027 1037 4099 qua
1066 4027 1107 4077 ex
1139 4007 1318 4076 communi

135 4137 137 4142 '
205 4121 328 4192 Pallio·
346 4121 603 4204 deduceretur,
631 4123 687 4192 cui
702 4134 817 4196 tamen
844 4121 902 4190 vix
920 4119 1169 4200 adhaerebant,
1198 4133 1233 4190 et
1258 4142 1319 4212 ge·

177 4233 180 4240 '
207 4239 354 4310 neratim
371 4239 502 4312 incerta
520 4237 617 4308 Pallii
639 4237 740 4331 origo
758 4234 976 4308 asserebatur
993 4233 1042 4307 ob
1061 4234 1245 4316 actualem,
1268 4235 1316 4303 nti

208 4349 372 4437 arbitror,
388 4354 571 4447 utriusque
585 4353 780 4424 indumenti
792 4352 1072 4447 discrepantiam.
1093 4353 1191 4422 Hanc
1204 4351 1320 4441 itaque
