3402 5222
674 431 849 494 ..33....

198 599 243 646 ex
268 574 513 647 communibus
538 575 752 647 indumentis
777 587 918 648 exortae
957 589 1056 680 sunt,
1088 579 1200 648 varias
1224 603 1314 673 quo-

198 715 269 785 que
295 705 329 764 et
351 691 444 786 apud
465 691 622 764 diversas
643 705 763 788 gentes
783 690 1063 764 modificationes
1082 689 1241 764 subiisse:
1262 697 1313 765 nil

201 809 329 878 mirum
353 808 501 903 proinde
519 809 545 878 si
565 807 660 878 idem
682 808 720 877 in
737 807 848 878 Pallio
873 809 1069 901 contigerit.

273 925 394 1017 Neque
418 946 504 994 vero
531 923 704 1018 explicatu
732 920 877 993 difficile
901 934 953 993 est
981 945 1052 1018 qua
1077 924 1214 994 ratione
1237 924 1315 996 Pal-

200 1037 288 1108 lium
313 1038 356 1108 ad
382 1061 457 1109 eam
482 1037 631 1109 sormam
655 1038 835 1110 redactum
860 1036 982 1118 inerit,
1011 1061 1116 1131 quam
1143 1062 1226 1110 usus
1252 1041 1311 1112 Ec·

201 1151 410 1224 clesiasticus
432 1154 583 1224 Orientis
611 1166 644 1224 et
671 1153 868 1224 Occidentis
888 1150 1041 1223 exhibet.
1070 1153 1312 1226 consideranti

201 1268 294 1336 enim
319 1279 419 1337 vetus
442 1268 606 1361 pallium,
631 1267 791 1361 illudque
815 1290 893 1337 cum
919 1289 1018 1336 sacro
1042 1267 1235 1338 conferenti
1262 1267 1314 1337 i-

202 1381 267 1452 cile
282 1384 433 1452 occurrit
449 1394 549 1453 vetus
568 1381 657 1453 illud
676 1381 887 1453 obvolutum
903 1395 937 1452 et
955 1394 1171 1452 contractum
1187 1382 1311 1454 fuisse:

202 1497 368 1567 nimirum
399 1498 525 1588 velue
551 1497 804 1591 impedimento
829 1498 934 1567 saeris
965 1497 1173 1590 peragendis
1203 1511 1312 1580 esset,

202 1635 247 1682 ne
270 1613 467 1706 operiretur
490 1613 606 1682 casula
630 1636 719 1705 qnae
742 1613 938 1707 pretiosiori
964 1613 1109 1683 materia
1130 1611 1205 1682 fieri
1232 1636 1314 1684 coe-

203 1727 270 1820 pit;
297 1729 538 1822 potissimum.
568 1727 658 1798 hanc
694 1730 765 1797 imo
791 1751 909 1798 veram
935 1751 1074 1798 causam
1097 1751 1249 1808 censeo,
1276 1731 1314 1800 ut

202 1852 338 1934 pateret
356 1841 444 1911 iliud
463 1865 534 1912 non
556 1841 643 1912 adeo
661 1842 705 1913 ad
725 1843 928 1936 proprium,
946 1865 1080 1912 sacrum
1097 1841 1176 1912 licet
1195 1865 1312 1923 usum,

204 1967 242 2026 ut
266 1955 353 2026 aliae
387 1969 524 2036 vestes,
554 1956 615 2026 sed
648 1979 712 2050 per
740 1957 969 2026 imitationem
998 1955 1186 2048 quamdam
1218 1968 1252 2026 et
1276 1957 1314 2025 in

203 2068 412 2164 obsequium
441 2073 601 2166 priorum
634 2072 864 2142 Ecclesiarum
897 2069 1143 2150 fundatorum,
1175 2073 1235 2162 qni
1261 2072 1314 2142 usi

203 2208 247 2256 eo
272 2184 428 2266 fuerant,
463 2189 603 2280 gestari.
635 2187 796 2257 Ceterum
821 2187 848 2256 si
874 2186 953 2278 quis
977 2183 1073 2254 Pallii
1101 2197 1177 2254 tum
1201 2186 1312 2255 Latini

204 2312 278 2370 tum
314 2300 492 2372 orientatis
523 2301 678 2395 gestandi
711 2300 862 2372 formam
894 2323 933 2370 ae
966 2300 1137 2369 rationem
1163 2321 1314 2393 perpen-

203 2414 289 2491 dat:
320 2415 422 2486 facile
459 2430 621 2510 agnoscet
653 2416 741 2487 illud
772 2439 812 2486 ea
851 2416 986 2486 ratione
1014 2415 1126 2508 aptari
1156 2415 1192 2482 in
1224 2414 1315 2484 anti-

203 2529 389 2624 quioribus
407 2535 610 2625 praesertim
635 2529 859 2626 imaginibus,
886 2527 1188 2624 quemadmodum
1213 2539 1313 2602 vetus

206 2643 353 2739 pallium
382 2644 606 2739 gestabatur,
640 2658 745 2740 atque
787 2645 1043 2739 inprimisque
1077 2644 1210 2714 ratione
1239 2643 1313 2714 eius

204 2757 366 2831 fimbriae
377 2762 508 2832 circum
522 2758 696 2832 fluebant:
715 2759 805 2832 adeo
821 2772 861 2830 ut
878 2760 1067 2830 existimari
1080 2760 1208 2829 merito
1226 2781 1315 2853 pos-

203 2876 261 2956 sit,
283 2873 418 2969 reliqua
435 2875 532 2970 pallii
551 2887 651 2970 parte
669 2873 814 2954 abiecta,
837 2897 895 2945 eas
913 2875 1132 2968 potissimum
1156 2872 1314 2945 fimbrias

204 2989 261 3060 vel
286 2992 389 3062 vittas
417 2989 523 3061 fuisse
549 3003 714 3069 servatas,
741 3011 831 3084 quae
849 2991 923 3065 Deo
947 2988 1135 3060 mandante
1155 3001 1253 3060 tanto
1278 2989 1313 3059 in

207 3104 345 3176 honore
375 3104 469 3200 apud
494 3103 675 3176 Hebraeos
700 3128 743 3176 ex
773 3105 1007 3175 Pentateucho
1034 3105 1112 3198 ipso
1134 3117 1253 3188 erant,
1273 3127 1313 3176 ac

206 3218 453 3290 mandatorum
464 3220 604 3290 Domini
623 3241 772 3290 necnon
784 3219 1016 3288 continentiae
1030 3240 1049 3287 a
1063 3216 1249 3288 mundanis
1267 3217 1314 3288 si-

205 3355 315 3428 gnum
332 3356 373 3404 ao
391 3333 593 3405 memoriale
616 3333 754 3405 fuerant
771 3333 991 3403 constitutae.
1017 3330 1093 3402 Alia
1108 3343 1225 3402 autem
1247 3331 1314 3403 ior·

207 3469 282 3531 ma,
309 3469 398 3542 quae
423 3445 518 3543 apud
542 3470 641 3541 syros
666 3448 871 3543 praesertim
895 3445 1042 3524 mansit,
1071 3443 1175 3516 fascia
1200 3443 1314 3517 media

203 3559 418 3645 detruncatis
443 3561 523 3634 hinc
548 3560 630 3632 inde
655 3558 813 3656 partibus
839 3557 1062 3652 relinquitur.
