3402 5222
886 373 1061 438 -rc-
1199 331 1200 338 Ν

414 519 530 580 autem
556 501 774 576 excludenda
798 513 848 576 est
874 507 1044 577 sentemia
1068 505 1212 578 Antonii
1236 505 1283 580 ds
1306 508 1464 582 Dominis
1482 511 1531 583 de

412 623 500 717 Rep.
522 613 647 692 Christ.¹
663 621 701 690 T.
720 619 780 689 lli.
801 643 833 690 c.
855 618 1032 717 il.§.25.
1048 623 1140 694 Petri
1160 622 1206 694 de
1223 625 1337 696 liar-ca
1354 624 1400 697 de
1416 627 1526 698 Gonc.

411 739 450 808 T.
472 739 530 808 Vi.
551 761 628 832 cap.
649 738 685 808 6.
705 735 888 810 Bohemeri
903 733 990 808 Obs.
1012 738 1048 809 3.
1069 739 1105 810 in
1119 737 1165 810 de
1179 739 1320 823 liarca,
1347 763 1439 836 quae
1463 765 1530 837 per

413 852 501 924 alios
524 875 673 946 quoque-
691 849 806 924 bonae
829 853 1033 946 ceteroquin
1055 865 1158 926 notae
1182 855 1372 950 scriptores
1397 858 1530 929 mitiori

411 967 556 1062 quidem
582 966 695 1038 forma
714 977 750 1036 et
766 963 860 1060 stylo
877 966 1015 1060 prolata
1032 978 1103 1050 est,
1128 987 1192 1039 nec
1222 991 1305 1040 raro
1331 969 1525 1065 profertur,

412 1085 559 1156 Paliium
577 1085 705 1176 nempe
721 1079 816 1152 istud
830 1079 936 1154 fuisse
952 1083 1138 1176 imperiale
1148 1097 1409 1168 oruamentum,
1421 1097 1528 1182 atque

412 1223 455 1274 ex
468 1197 648 1294 imperiali
672 1195 813 1267 indulto
837 1195 883 1267 ad
906 1195 1095 1270 Ecclesiam
1110 1200 1299 1271 transiisse.

508 1313 594 1398 Quis
612 1335 720 1407 porro
738 1313 831 1384 serio
849 1310 1033 1384 admittere
1051 1315 1181 1408 poterit
1193 1335 1290 1386 sacra
1303 1314 1524 1398 indumenta,

411 1429 502 1502 illud
523 1428 696 1523 imprimis
710 1425 821 1521 quod
843 1431 936 1500 inter
958 1439 1072 1500 cetera
1088 1440 1141 1500 est
1165 1431 1524 1524 praestantissimum,

411 1543 456 1616 ab
475 1543 663 1636 antiquiori
682 1540 772 1612 adeo
789 1551 916 1623 aetate,
942 1563 986 1613 ex
1010 1541 1287 1638 imperatoribus
1310 1541 1527 1616 Catholicam

280 1641 287 1658 ⁰
397 1647 597 1732 'Balciam
613 1657 809 1752 accepisse:
837 1679 919 1726 cum
943 1660 1149 1752 praesertim
1164 1659 1200 1730 in
1218 1657 1329 1732 Pallio
1341 1681 1383 1730 ea
1399 1659 1526 1756 iugiter

412 1774 663 1846 adnotarentur
676 1793 767 1864 quae
781 1769 826 1842 ad
843 1771 1059 1867 spiritualem
1074 1773 1315 1846 auctoritatem
1327 1775 1522 1868 pertinent,

412 1912 525 1984 neque
550 1887 626 1960 ullo
652 1885 761 1958 modo
779 1885 824 1958 ad
842 1886 1064 1982 imperialem
1084 1887 1290 1982 dignitatem
1308 1887 1431 1961 referri
1449 1912 1526 1986 pos

411 2017 505 2078 sunt.

482 2123 593 2192 Porro
613 2131 752 2215 praesto
776 2131 858 2190 sunt
879 2119 1084 2189 innumerae
1108 2119 1366 2213 Imperatorum
1389 2121 1524 2192 Roma-

354 2311 358 2323 ,
410 2259 538 2310 norum
564 2237 604 2307 ac
628 2235 900 2328 Byzantinorum
932 2233 1120 2328 imagines,
1147 2233 1346 2328 imperialia
1368 2235 1454 2306 item
1469 2236 1524 2306 in·

409 2353 577 2430 dumento
606 2349 701 2444 apud
726 2349 847 2444 plures
872 2349 1060 2442 scriptores
1095 2347 1323 2438 referuntur3
1350 2349 1400 2420 nil
1436 2372 1523 2423 voro

409 2469 562 2540 occurrit
575 2465 673 2560 quod
686 2463 1011 2536 cumllcclesiastico
1020 2463 1130 2536 Pallio
1139 2487 1222 2536 vere
1233 2487 1272 2536 ac
1281 2466 1426 2560 proprie
1438 2487 1523 2537 con·

410 2583 494 2654 ferri
520 2583 643 2677 possit.
664 2583 786 2674 Neque
803 2581 898 2651 enim
917 2579 962 2650 ad
979 2579 1129 2650 Paliium
1146 2581 1323 2675 pertinent
1347 2580 1403 2652 vel
1428 2604 1521 2676 pur-

409 2721 518 2794 purea
543 2697 714 2790 chlamys,
737 2695 791 2767 vel
810 2708 953 2789 torques
971 2697 1136 2789 gemmati
1153 2694 1210 2768 vel
1230 2717 1336 2791 parva
1354 2695 1415 2768 illa
1429 2719 1522 2768 moz-

409 2825 495 2884 zotta
510 2814 628 2908 operis
642 2811 782 2906 phrygii
806 2810 898 2882 circa
926 2809 1080 2890 collum,
1111 2832 1201 2904 quae
1221 2833 1265 2882 ex
1291 2812 1400 2883 veteri
1431 2811 1521 2885 stola

409 2929 593 3024 desumpta
618 2927 770 2998 videtur.

482 3043 586 3128 Quod
603 3065 689 3114 vero
705 3041 899 3137 imperialis
922 3040 1050 3112 indulti
1076 3041 1179 3112 huius
1195 3043 1231 3112 iu
1248 3041 1438 3114 Ecclesiam
1455 3041 1521 3115 do-

408 3154 633 3230 cumentum?
652 3157 728 3230 imo
746 3154 844 3226 nulla
861 3175 1005 3250 prorsus
1022 3157 1177 3238 mentio,
1198 3154 1337 3228 nullum
1351 3155 1520 3228 iudicium

408 3297 451 3345 ex
475 3273 634 3368 genuinis
658 3271 915 3363 instrumentis;
942 3285 1026 3340 cum'
1052 3281 1169 3340 tamma
1192 3267 1350 3364 legibus,
1378 3267 1517 3351 edictis,

408 3389 587 3486 epistolis.
607 3399 641 3458 et
659 3388 799 3459 Patrem
812 3407 852 3456 ac
864 3385 1080 3478 Scriptorum
1094 3383 1414 3455 Ecclesiasticorum
1424 3405 1522 3455 com·

409 3487 632 3578 mendatione
645 3501 804 3572 ferantur
815 3521 906 3595 quae
920 3501 1153 3594 imperatores
1166 3499 1204 3570 in
1213 3498 1401 3571 Ecclesiam
1412 3497 1521 3572 bene·

409 3616 487 3692 licia
505 3619 743 3691 contulerunt.

799 3820 1042 3887 sustentus
1064 3821 1108 3886 11.

674 4018 804 4081 obtectio
825 4035 866 4081 aa
888 4018 1072 4081 comunem·
1089 4017 1265 4078 Donatione.
1318 4096 1320 4100 ι

480 4216 530 4284 De
548 4216 662 4285 Marca
679 4211 820 4284 exhibet
837 4212 1015 4308 vulgatam
1032 4209 1248 4283 Constantini
1264 4207 1518 4289 Donationem,

406 4353 475 4423 qua
500 4330 666 4401 Silvestrc
690 4326 846 4400 Pontifici
864 4327 1035 4400 traditum
1051 4325 1182 4400 dicitur
1206 4320 1516 4421 superhumerale,
