3402 5222
667 441 712 488 ¹...
737 442 778 505 57
803 475 848 486 .-

196 577 356 656 Petrum,
372 575 536 686 Romanis
552 571 780 646 Pontificibus
798 569 964 656 traditum
982 593 1022 642 ac
1040 570 1212 642 missionis
1227 567 1311 639 inde

196 691 233 759 in
258 689 345 761 alios
370 687 575 760 derivantis.

601 951 909 1019 CONGLUSIO.

271 1149 518 1234 Quaestionem
546 1147 780 1219 dirimendam
817 1147 954 1240 suscepi
987 1145 1122 1238 inqua
1154 1141 1315 1238 plerique

200 1287 275 1335 rem
300 1287 375 1336 esse
400 1265 569 1336 incertam
597 1258 891 1358 pronuntiabant,
919 1273 958 1331 ut
984 1281 1045 1332 eos
1069 1259 1228 1330 omittam
1253 1257 1315 1352 qui

200 1377 359 1450 laicalem
384 1379 478 1450 Sacri
499 1377 596 1450 Pallii
618 1377 790 1471 originem
808 1397 963 1448 asserere
978 1372 1074 1446 haud
1089 1369 1312 1444 verebantur.

200 1494 408 1565 Testimonia
436 1491 674 1565 ineluctabilia
699 1503 735 1564 et
760 1491 954 1587 apodictica
984 1487 1079 1561 haud
1109 1499 1202 1560 certe
1233 1486 1317 1558 ade·

201 1619 300 1690 rant,
328 1607 486 1703 alioquin
511 1608 670 1702 quaestio
696 1606 829 1678 iamdiu
855 1604 1027 1701 dirempta
1046 1603 1185 1675 luisset:
1206 1601 1318 1674 docu-

202 1733 319 1794 menta
346 1745 386 1794 ac
410 1734 637 1795 monumenta
662 1723 858 1794 accuratius
883 1715 1133 1816 perpendenda
1152 1739 1192 1790 ac
1213 1715 1316 1789 simul

203 1836 414 1910 conferenda
431 1839 585 1933 suscepi;
607 1837 691 1909 inde
708 1859 796 1909 vero
813 1859 853 1908 ea
871 1821 1160 1930 argumentorum
1178 1855 1218 1904 ac
1232 1855 1319 1926 pro-

203 1950 387 2025 bationum
400 1954 499 2049 copia
512 1953 763 2048 exurgerevisa
776 1963 938 2046 est‚quae
950 1952 987 2021 in
1001 1947 1108 2020 rebus
1117 1946 1319 2019 huiusmodi

203 2068 286 2139 satis
305 2081 481 2162 superque
500 2065 677 2160 sufficiens
692 2066 833 2140 viderur
851 2079 890 2137 ut
905 2064 1038 2160 aliquid
1054 2061 1222 2136 affirmari
1238 2083 1318 2157 pos·

204 2183 261 2254 sit.
278 2182 422 2254 Accedit
438 2183 537 2278 quod
556 2183 593 2254 in
611 2182 792 2279 proposita
810 2183 899 2254 sacri
912 2179 1010 2253 Pallii
1025 2181 1160 2274 origiue
1177 2177 1319 2250 eviden-

205 2309 259 2370 ter
282 2299 492 2393 perspicitur
516 2297 649 2392 optime
673 2295 865 2370 cohaerere
891 2297 1010 2368 omnia
1035 2316 1125 2389 quae
1148 2293 1320 2365 Ecclesiae

205 2410 369 2495 historia,
384 2414 576 2482 Sacrorum
584 2412 766 2484 Ganonum
784 2412 979 2483 sanctiones
993 2421 1029 2482 ct
1043 2409 1238 2502 Liturgicas
1252 2408 1321 2478 im·

207 2527 330 2621 primis
345 2550 470 2623 praxes
487 2527 533 2598 de
547 2527 658 2599 Pallio
669 2523 813 2598 habeut.
833 2527 954 2620 Neque
971 2524 1104 2618 aliquid
1122 2524 1263 2620 proprie
1276 2522 1322 2594 de

207 2664 302 2714 novo
326 2644 522 2725 invectum,
550 2643 613 2714 sed
636 2643 754 2737 potius
778 2653 939 2713 revocata
964 2641 1157 2711 accuratius
1176 2639 1321 2709 attentio

209 2756 254 2828 ad
272 2771 494 2852 perspectum
513 2759 595 2830 satis
612 2758 826 2852 antiquitatis
844 2777 1000 2838 sensum·
1016 2757 1066 2826 uti
1084 2755 1121 2826 in
1140 2755 1322 2850 prooemio

209 2870 409 2944 monebam.

281 2987 463 3081 Assignata
481 2981 568 3059 vero
581 2985 752 3059 Pontificii
767 2987 865 3059 Pallii
880 2989 981 3081 origo
997 2985 1193 3057 Catholicae
1206 2985 1323 3056 Eccle-

210 3103 280 3173 siae
302 3113 394 3172 certe
419 3101 526 3196 digna
550 3103 764 3174 omnimode¹
780 3115 850 3185 est,
877 3101 1069 3196 eademque
1095 3100 1140 3172 ad
1165 3098 1324 3171 debitum

211 3215 431 3309 Apostolicae
445 3215 524 3286 Sedi
536 3214 745 3309 obsequium
758 3215 983 3298 servandum,
992 3216 1187 3308 iugiterque
1201 3236 1325 3308 augen-

212 3327 308 3399 dum·
327 3330 522 3423 aptissima:
551 3329 724 3422 siquidem
742 3329 985 3423 Apostolicum
1004 3327 1152 3400 Pallium
1170 3331 1245 3424 ipsa
1262 3351 1324 3399 sua
1409 3363 1412 3372 ¹

212 3444 348 3539 origiue
372 3446 613 3516 auctoritatem
638 3446 712 3526 eius
730 3441 1089 3539 commendat,'atque
1105 3445 1141 3514 in
1160 3443 1326 3516 Pontilice

213 3559 383 3638 ex‘Pallio
403 3560 479 3653 ipso
497 3561 638 3629 Petrum
657 3559 860 3655 loquentem
879 3581 919 3631 ac
938 3558 1194 3656 praesidentem
1217 3581 1327 3656 agno·
1453 3593 1456 3602 ¹

215 3673 342 3745 scimus
367 3697 406 3746 ac
430 3697 650 3746 veneramur.
